{ "__v" : 0, "_id" : { "$oid" : "53954c2895f9ad0c6815d3b0" }, "btc_prices" : [ 643.23 ], "initial_margin" : 0.003109307712637781, "last_trade_time" : 1402294262039, "net_variation" : 0, "opposing_orders" : [], "option_type" : "call", "pending" : "complete", "price" : 3, "quantity" : 0.5, "quantity_left" : 0, "quantity_original" : 0.5, "seller" : { "$oid" : "5395171a9b1ad42e26908f18" }, "short_symbol" : "opt_one", "side" : "ask", "time" : 1402293288920, "variation_margin" : [] }
{ "__v" : 0, "_id" : { "$oid" : "53954c2c95f9ad0c6815d3b1" }, "btc_prices" : [ 643.23 ], "initial_margin" : 0.006218615425275562, "last_trade_time" : 1402294478959, "net_variation" : 0, "opposing_orders" : [], "option_type" : "call", "pending" : "complete", "price" : 3, "quantity" : 1, "quantity_left" : 0, "quantity_original" : 1, "seller" : { "$oid" : "5395171a9b1ad42e26908f18" }, "short_symbol" : "opt_one", "side" : "ask", "time" : 1402293292594, "variation_margin" : [] }
{ "__v" : 0, "_id" : { "$oid" : "53954ff6cedd8ee36b9a657c" }, "btc_prices" : [ 646.28 ], "buyer" : { "$oid" : "539517099b1ad42e26908f16" }, "initial_margin" : 0.006189267809618123, "net_variation" : -0.02275466106477418, "opposing_orders" : [ { "$oid" : "53954c2c95f9ad0c6815d3b1" } ], "pending" : "complete", "price" : 3, "quantity" : 1, "quantity_left" : 0, "quantity_original" : 1, "seller" : { "$oid" : "5395171a9b1ad42e26908f18" }, "short_symbol" : "opt_one", "side" : "bid", "time" : 1402294262066, "variation_margin" : [ { "$oid" : "53955e84672848e67937a8ea" } ] }
{ "__v" : 0, "_id" : { "$oid" : "539550c06e3fa7b66ccb1a4d" }, "btc_prices" : [ 646.76 ], "initial_margin" : 0.006184674376894057, "last_trade_time" : 1402294528230, "net_variation" : 0, "opposing_orders" : [], "option_type" : "call", "pending" : "complete", "price" : 3, "quantity" : 1, "quantity_left" : 0, "quantity_original" : 1, "seller" : { "$oid" : "5395171a9b1ad42e26908f18" }, "short_symbol" : "opt_one", "side" : "ask", "time" : 1402294464425, "variation_margin" : [] }
{ "__v" : 0, "_id" : { "$oid" : "539550ce6e3fa7b66ccb1a4f" }, "btc_prices" : [ 646.76 ], "buyer" : { "$oid" : "539517099b1ad42e26908f16" }, "initial_margin" : 0.006184674376894057, "net_variation" : -0.01332903960537549, "opposing_orders" : [ { "$oid" : "539550c06e3fa7b66ccb1a4d" } ], "pending" : "complete", "price" : 3, "quantity" : 1, "quantity_left" : 0, "quantity_original" : 1, "seller" : { "$oid" : "5395171a9b1ad42e26908f18" }, "short_symbol" : "opt_one", "side" : "bid", "time" : 1402294478978, "variation_margin" : [ { "$oid" : "53955e84672848e67937a8eb" } ] }
{ "__v" : 0, "_id" : { "$oid" : "539551006e3fa7b66ccb1a51" }, "btc_prices" : [ 646.75 ], "buyer" : { "$oid" : "539517099b1ad42e26908f16" }, "initial_margin" : 0.003092385001932741, "net_variation" : -0.006722576091158265, "opposing_orders" : [ { "$oid" : "539550c06e3fa7b66ccb1a4d" } ], "pending" : "complete", "price" : 3, "quantity" : 0.5, "quantity_left" : 0, "quantity_original" : 0.5, "seller" : { "$oid" : "5395171a9b1ad42e26908f18" }, "short_symbol" : "opt_one", "side" : "bid", "time" : 1402294528237, "variation_margin" : [ { "$oid" : "53955e84672848e67937a8ec" } ] }
{ "__v" : 0, "_id" : { "$oid" : "5395510b6e3fa7b66ccb1a53" }, "btc_prices" : [ 646.75 ], "initial_margin" : 0.003710862002319289, "last_trade_time" : 1402294553548, "net_variation" : 0, "opposing_orders" : [], "option_type" : "call", "pending" : "complete", "price" : 3, "quantity" : 0.6, "quantity_left" : 0, "quantity_original" : 0.6, "seller" : { "$oid" : "5395171a9b1ad42e26908f18" }, "short_symbol" : "opt_one", "side" : "ask", "time" : 1402294539647, "variation_margin" : [] }
{ "__v" : 0, "_id" : { "$oid" : "539551116e3fa7b66ccb1a54" }, "btc_prices" : [ 646.75 ], "initial_margin" : 0.003092385001932741, "last_trade_time" : 1402294856935, "net_variation" : 0, "opposing_orders" : [], "option_type" : "call", "pending" : "complete", "price" : 3, "quantity" : 0.5, "quantity_left" : 0, "quantity_original" : 0.5, "seller" : { "$oid" : "5395171a9b1ad42e26908f18" }, "short_symbol" : "opt_one", "side" : "ask", "time" : 1402294545414, "variation_margin" : [] }
{ "__v" : 0, "_id" : { "$oid" : "539551196e3fa7b66ccb1a56" }, "btc_prices" : [ 646.75 ], "buyer" : { "$oid" : "539517099b1ad42e26908f16" }, "initial_margin" : 0.006184770003865482, "net_variation" : -0.01344515218231653, "opposing_orders" : [ { "$oid" : "539551116e3fa7b66ccb1a54" } ], "pending" : "complete", "price" : 3, "quantity" : 1, "quantity_left" : 0, "quantity_original" : 1, "seller" : { "$oid" : "5395171a9b1ad42e26908f18" }, "short_symbol" : "opt_one", "side" : "bid", "time" : 1402294553562, "variation_margin" : [ { "$oid" : "53955e84672848e67937a8ef" } ] }
{ "__v" : 0, "_id" : { "$oid" : "53955248c7be103d6e5db6cd" }, "btc_prices" : [ 646.76 ], "buyer" : { "$oid" : "539517099b1ad42e26908f16" }, "initial_margin" : 0.0006184674376894057, "last_trade_time" : 1402294864590, "net_variation" : -0.001332903960537549, "opposing_orders" : [ { "$oid" : "539551116e3fa7b66ccb1a54" } ], "pending" : "complete", "price" : 3, "quantity" : 0.1, "quantity_left" : 0, "short_symbol" : "opt_one", "side" : "bid", "time" : 1402294856945, "variation_margin" : [ { "$oid" : "53955e84672848e67937a8f0" } ] }
{ "__v" : 0, "_id" : { "$oid" : "53955250c7be103d6e5db6cf" }, "btc_prices" : [ 646.76 ], "initial_margin" : 0.003710804626136434, "last_trade_time" : 1402294876328, "net_variation" : 0, "opposing_orders" : [], "pending" : "complete", "price" : 3, "quantity" : 0.6, "quantity_left" : 0, "quantity_original" : 0.6, "seller" : { "$oid" : "5395171a9b1ad42e26908f18" }, "short_symbol" : "opt_one", "side" : "ask", "time" : 1402294864596, "variation_margin" : [] }
{ "__v" : 0, "_id" : { "$oid" : "53955253c7be103d6e5db6d0" }, "btc_prices" : [ 646.76 ], "initial_margin" : 0.003092337188447029, "last_trade_time" : 1402295229261, "net_variation" : 0, "opposing_orders" : [], "option_type" : "call", "pending" : "complete", "price" : 3, "quantity" : 0.5, "quantity_left" : 0, "quantity_original" : 0.5, "seller" : { "$oid" : "5395171a9b1ad42e26908f18" }, "short_symbol" : "opt_one", "side" : "ask", "time" : 1402294867916, "variation_margin" : [] }
{ "__v" : 0, "_id" : { "$oid" : "5395525cc7be103d6e5db6d2" }, "btc_prices" : [ 646.3099999999999 ], "buyer" : { "$oid" : "539517099b1ad42e26908f16" }, "initial_margin" : 0.006188980520183814, "net_variation" : -0.02179218493022707, "opposing_orders" : [ { "$oid" : "53955253c7be103d6e5db6d0" } ], "pending" : "complete", "price" : 3, "quantity" : 1, "quantity_left" : 0, "quantity_original" : 1, "seller" : { "$oid" : "5395171a9b1ad42e26908f18" }, "short_symbol" : "opt_one", "side" : "bid", "time" : 1402294876361, "variation_margin" : [ { "$oid" : "53955e84672848e67937a8f3" } ] }
{ "__v" : 0, "_id" : { "$oid" : "539553bd18a7f4426f37587c" }, "btc_prices" : [ 647.4400000000001 ], "buyer" : { "$oid" : "539517099b1ad42e26908f16" }, "initial_margin" : 0.0006178178672927221, "last_trade_time" : 1402295236888, "net_variation" : -0.0008394264501259664, "opposing_orders" : [ { "$oid" : "53955253c7be103d6e5db6d0" } ], "pending" : "complete", "price" : 3, "quantity" : 0.1, "quantity_left" : 0, "short_symbol" : "opt_one", "side" : "bid", "time" : 1402295229270, "variation_margin" : [ { "$oid" : "53955e84672848e67937a8f4" } ] }
{ "__v" : 0, "_id" : { "$oid" : "539553c418a7f4426f37587e" }, "btc_prices" : [ 647.4400000000001 ], "initial_margin" : 0.003706907203756332, "last_trade_time" : 1402295249497, "net_variation" : 0, "opposing_orders" : [], "pending" : "complete", "price" : 3, "quantity" : 0.6, "quantity_left" : 0, "quantity_original" : 0.6, "seller" : { "$oid" : "5395171a9b1ad42e26908f18" }, "short_symbol" : "opt_one", "side" : "ask", "time" : 1402295236893, "variation_margin" : [] }
{ "__v" : 0, "_id" : { "$oid" : "539553c818a7f4426f37587f" }, "btc_prices" : [ 647.4400000000001 ], "initial_margin" : 0.00308908933646361, "last_trade_time" : 1402295467254, "net_variation" : 0, "opposing_orders" : [], "option_type" : "call", "pending" : "complete", "price" : 3, "quantity" : 0.5, "quantity_left" : 0, "quantity_original" : 0.5, "seller" : { "$oid" : "5395171a9b1ad42e26908f18" }, "short_symbol" : "opt_one", "side" : "ask", "time" : 1402295240114, "variation_margin" : [] }
{ "__v" : 0, "_id" : { "$oid" : "539553d118a7f4426f375881" }, "btc_prices" : [ 647.54 ], "buyer" : { "$oid" : "539517099b1ad42e26908f16" }, "initial_margin" : 0.006177224572999352, "net_variation" : -0.007960340944587035, "opposing_orders" : [ { "$oid" : "539553c818a7f4426f37587f" } ], "pending" : "complete", "price" : 3, "quantity" : 1, "quantity_left" : 0, "quantity_original" : 1, "seller" : { "$oid" : "5395171a9b1ad42e26908f18" }, "short_symbol" : "opt_one", "side" : "bid", "time" : 1402295249527, "variation_margin" : [ { "$oid" : "53955e84672848e67937a8f7" } ] }
{ "__v" : 0, "_id" : { "$oid" : "539554ab36c8149070c6017b" }, "btc_prices" : [ 647.52 ], "buyer" : { "$oid" : "539517099b1ad42e26908f16" }, "initial_margin" : 0.000617741536940944, "last_trade_time" : 1402295474232, "net_variation" : -0.0008043509595585381, "opposing_orders" : [ { "$oid" : "539553c818a7f4426f37587f" } ], "pending" : "complete", "price" : 3, "quantity" : 0.1, "quantity_left" : 0, "short_symbol" : "opt_one", "side" : "bid", "time" : 1402295467265, "variation_margin" : [ { "$oid" : "53955e84672848e67937a8f9" } ] }
{ "__v" : 0, "_id" : { "$oid" : "539554b236c8149070c6017d" }, "btc_prices" : [ 647.52 ], "initial_margin" : 0.00308870768470472, "last_trade_time" : 1402295487223, "net_variation" : 0, "opposing_orders" : [], "pending" : "complete", "price" : 3, "quantity" : 0.5, "quantity_left" : 0, "quantity_original" : 0.5, "seller" : { "$oid" : "5395171a9b1ad42e26908f18" }, "short_symbol" : "opt_one", "side" : "ask", "time" : 1402295474236, "variation_margin" : [] }
{ "__v" : 0, "_id" : { "$oid" : "539554b536c8149070c6017e" }, "btc_prices" : [ 647.52 ], "initial_margin" : 0.003706449221645664, "last_trade_time" : 1402296147232, "net_variation" : 0, "opposing_orders" : [], "option_type" : "call", "pending" : "complete", "price" : 3, "quantity" : 0.6, "quantity_left" : 0, "quantity_original" : 0.6, "seller" : { "$oid" : "5395171a9b1ad42e26908f18" }, "short_symbol" : "opt_one", "side" : "ask", "time" : 1402295477683, "variation_margin" : [] }
{ "__v" : 0, "_id" : { "$oid" : "539554bf36c8149070c60180" }, "btc_prices" : [ 647.52 ], "buyer" : { "$oid" : "539517099b1ad42e26908f16" }, "initial_margin" : 0.006177415369409439, "net_variation" : -0.00804350959558538, "opposing_orders" : [ { "$oid" : "539554b536c8149070c6017e" } ], "pending" : "complete", "price" : 3, "quantity" : 1, "quantity_left" : 0, "quantity_original" : 1, "seller" : { "$oid" : "5395171a9b1ad42e26908f18" }, "short_symbol" : "opt_one", "side" : "bid", "time" : 1402295487250, "variation_margin" : [ { "$oid" : "53955e84672848e67937a8fb" } ] }
{ "__v" : 0, "_id" : { "$oid" : "539557534285be0373c0e0f2" }, "btc_prices" : [ 647.46 ], "buyer" : { "$oid" : "539517099b1ad42e26908f16" }, "initial_margin" : 0.0006177987829363977, "last_trade_time" : 1402296155447, "net_variation" : -0.0008303747082478402, "opposing_orders" : [ { "$oid" : "539554b536c8149070c6017e" } ], "pending" : "complete", "price" : 3, "quantity" : 0.1, "quantity_left" : 0, "short_symbol" : "opt_one", "side" : "bid", "time" : 1402296147241, "variation_margin" : [ { "$oid" : "53955e84672848e67937a8fd" } ] }
{ "__v" : 0, "_id" : { "$oid" : "5395575be13d8c1073c0c224" }, "btc_prices" : [ 647.46 ], "initial_margin" : 0.003706792697618386, "last_trade_time" : 1402296166196, "net_variation" : 0, "opposing_orders" : [], "pending" : "complete", "price" : 3, "quantity" : 0.6, "quantity_left" : 0, "quantity_original" : 0.6, "seller" : { "$oid" : "5395171a9b1ad42e26908f18" }, "short_symbol" : "opt_one", "side" : "ask", "time" : 1402296155455, "variation_margin" : [] }
{ "__v" : 0, "_id" : { "$oid" : "5395575ee13d8c1073c0c225" }, "btc_prices" : [ 647.46 ], "initial_margin" : 0.003088993914681988, "last_trade_time" : 1402296443863, "net_variation" : 0, "opposing_orders" : [], "option_type" : "call", "pending" : "complete", "price" : 3, "quantity" : 0.5, "quantity_left" : 0, "quantity_original" : 0.5, "seller" : { "$oid" : "5395171a9b1ad42e26908f18" }, "short_symbol" : "opt_one", "side" : "ask", "time" : 1402296158882, "variation_margin" : [] }
{ "__v" : 0, "_id" : { "$oid" : "53955766e13d8c1073c0c227" }, "btc_prices" : [ 647.46 ], "buyer" : { "$oid" : "539517099b1ad42e26908f16" }, "initial_margin" : 0.006177987829363976, "net_variation" : -0.008303747082478401, "opposing_orders" : [ { "$oid" : "5395575be13d8c1073c0c224" }, { "$oid" : "5395575ee13d8c1073c0c225" } ], "pending" : "complete", "price" : 3, "quantity" : 1, "quantity_left" : 0, "quantity_original" : 1, "seller" : { "$oid" : "5395171a9b1ad42e26908f18" }, "short_symbol" : "opt_one", "side" : "bid", "time" : 1402296166216, "variation_margin" : [ { "$oid" : "53955e84672848e67937a8ff" } ] }
{ "__v" : 0, "_id" : { "$oid" : "5395587b05fb322e7496328b" }, "btc_prices" : [ 647.59 ], "buyer" : { "$oid" : "539517099b1ad42e26908f16" }, "initial_margin" : 0.0006176747633533562, "last_trade_time" : 1402296453680, "net_variation" : -0.0007759733207956701, "opposing_orders" : [ { "$oid" : "5395575ee13d8c1073c0c225" } ], "pending" : "complete", "price" : 3, "quantity" : 0.1, "quantity_left" : 0, "short_symbol" : "opt_one", "side" : "bid", "time" : 1402296443873, "variation_margin" : [ { "$oid" : "53955e84672848e67937a900" } ] }
{ "__v" : 0, "_id" : { "$oid" : "5395588505fb322e7496328d" }, "btc_prices" : [ 647.59 ], "initial_margin" : 0.003088373816766782, "last_trade_time" : 1402296462200, "net_variation" : 0, "opposing_orders" : [], "pending" : "complete", "price" : 3, "quantity" : 0, "quantity_left" : 0, "quantity_original" : 0.5, "seller" : { "$oid" : "5395171a9b1ad42e26908f18" }, "short_symbol" : "opt_one", "side" : "ask", "time" : 1402296453685, "variation_margin" : [] }
{ "__v" : 0, "_id" : { "$oid" : "5395588805fb322e7496328e" }, "btc_prices" : [ 647.59 ], "initial_margin" : 0.003706048580120138, "last_trade_time" : 1402296794923, "net_variation" : 0, "opposing_orders" : [], "option_type" : "call", "pending" : "complete", "price" : 3, "quantity" : 0.09999999999999998, "quantity_left" : 0, "quantity_original" : 0.6, "seller" : { "$oid" : "5395171a9b1ad42e26908f18" }, "short_symbol" : "opt_one", "side" : "ask", "time" : 1402296456981, "variation_margin" : [] }
{ "__v" : 0, "_id" : { "$oid" : "5395588e05fb322e74963290" }, "btc_prices" : [ 647.59 ], "buyer" : { "$oid" : "539517099b1ad42e26908f16" }, "initial_margin" : 0.006176747633533563, "net_variation" : -0.007759733207956701, "opposing_orders" : [ { "$oid" : "5395588505fb322e7496328d" }, { "$oid" : "5395588805fb322e7496328e" } ], "pending" : "complete", "price" : 3, "quantity" : 1, "quantity_left" : 0, "quantity_original" : 1, "seller" : { "$oid" : "5395171a9b1ad42e26908f18" }, "short_symbol" : "opt_one", "side" : "bid", "time" : 1402296462210, "variation_margin" : [ { "$oid" : "53955e84672848e67937a903" } ] }
{ "__v" : 0, "_id" : { "$oid" : "539559da5d50648b751d3fc9" }, "btc_prices" : [ 647.49 ], "buyer" : { "$oid" : "539517099b1ad42e26908f16" }, "initial_margin" : 0.0006177701586124883, "last_trade_time" : 1402296798336, "net_variation" : -0.0008171562944609692, "opposing_orders" : [ { "$oid" : "5395588805fb322e7496328e" } ], "pending" : "complete", "price" : 3, "quantity" : 0.1, "quantity_left" : 0, "short_symbol" : "opt_one", "side" : "bid", "time" : 1402296794940, "variation_margin" : [ { "$oid" : "53955e84672848e67937a902" } ] }
{ "__v" : 0, "_id" : { "$oid" : "539559de5d50648b751d3fcb" }, "btc_prices" : [ 647.49 ], "initial_margin" : 0.003706620951674929, "last_trade_time" : 1402296805842, "net_variation" : 0, "opposing_orders" : [], "pending" : "complete", "price" : 3, "quantity" : 0.6, "quantity_left" : 0, "quantity_original" : 0.6, "seller" : { "$oid" : "5395171a9b1ad42e26908f18" }, "short_symbol" : "opt_one", "side" : "ask", "time" : 1402296798341, "variation_margin" : [] }
{ "__v" : 0, "_id" : { "$oid" : "539559e05d50648b751d3fcc" }, "btc_prices" : [ 647.49 ], "initial_margin" : 0.003706620951674929, "last_trade_time" : 1402297288860, "net_variation" : 0, "opposing_orders" : [], "option_type" : "call", "pending" : "complete", "price" : 3, "quantity" : 0.6, "quantity_left" : 0, "quantity_original" : 0.6, "seller" : { "$oid" : "5395171a9b1ad42e26908f18" }, "short_symbol" : "opt_one", "side" : "ask", "time" : 1402296800077, "variation_margin" : [] }
{ "__v" : 0, "_id" : { "$oid" : "539559e55d50648b751d3fce" }, "btc_prices" : [ 647.49 ], "buyer" : { "$oid" : "539517099b1ad42e26908f16" }, "initial_margin" : 0.006177701586124882, "net_variation" : -0.008171562944609691, "opposing_orders" : [ { "$oid" : "539559de5d50648b751d3fcb" }, { "$oid" : "539559e05d50648b751d3fcc" } ], "pending" : "complete", "price" : 3, "quantity" : 1, "quantity_left" : 0, "quantity_original" : 1, "seller" : { "$oid" : "5395171a9b1ad42e26908f18" }, "short_symbol" : "opt_one", "side" : "bid", "time" : 1402296805869, "variation_margin" : [ { "$oid" : "53955e85672848e67937a906" } ] }
{ "__v" : 0, "_id" : { "$oid" : "53955bc80a366561777c2eb0" }, "btc_prices" : [ 645.58 ], "buyer" : { "$oid" : "539517099b1ad42e26908f16" }, "initial_margin" : 0.001239195761950494, "last_trade_time" : 1402297297486, "net_variation" : 0.1548994702439526, "opposing_orders" : [ { "$oid" : "539559e05d50648b751d3fcc" } ], "pending" : "complete", "price" : 3, "quantity" : 0.2, "quantity_left" : 0, "short_symbol" : "opt_one", "side" : "bid", "time" : 1402297288871, "variation_margin" : [ { "$oid" : "53955e85672848e67937a907" } ] }
{ "__v" : 0, "_id" : { "$oid" : "53955bd10a366561777c2eb2" }, "btc_prices" : [ 645.58 ], "initial_margin" : 0.003717587285851482, "last_trade_time" : 1402297306494, "net_variation" : 0, "opposing_orders" : [], "pending" : "exercised", "price" : 3, "quantity" : 0.6, "quantity_left" : 0, "quantity_original" : 0.6, "seller" : { "$oid" : "5395171a9b1ad42e26908f18" }, "short_symbol" : "opt_one", "side" : "ask", "time" : 1402297297490, "variation_margin" : [] }
{ "__v" : 0, "_id" : { "$oid" : "53955bd30a366561777c2eb3" }, "btc_prices" : [ 645.58 ], "initial_margin" : 0.003717587285851482, "last_trade_time" : 1402297837624, "net_variation" : 0, "opposing_orders" : [], "option_type" : "call", "pending" : "complete", "price" : 3, "quantity" : 0.2, "quantity_left" : 0, "quantity_original" : 0.6, "seller" : { "$oid" : "5395171a9b1ad42e26908f18" }, "short_symbol" : "opt_one", "side" : "ask", "time" : 1402297299097, "variation_margin" : [] }
{ "__v" : 0, "_id" : { "$oid" : "53955bda0a366561777c2eb5" }, "btc_prices" : [ 645.58 ], "buyer" : { "$oid" : "539517099b1ad42e26908f16" }, "initial_margin" : 0.006195978809752471, "net_variation" : 0.7744973512197632, "opposing_orders" : [ { "$oid" : "53955bd10a366561777c2eb2" }, { "$oid" : "53955bd30a366561777c2eb3" } ], "pending" : "complete", "price" : 3, "quantity" : 1, "quantity_left" : 0, "quantity_original" : 1, "seller" : { "$oid" : "5395171a9b1ad42e26908f18" }, "short_symbol" : "opt_one", "side" : "bid", "time" : 1402297306512, "variation_margin" : [ { "$oid" : "53955e85672848e67937a90a" } ] }
{ "__v" : 0, "_id" : { "$oid" : "53955ded54a278ef7763f856" }, "btc_prices" : [ 646.1900000000001 ], "buyer" : { "$oid" : "539517099b1ad42e26908f16" }, "initial_margin" : 0.00123802596759467, "last_trade_time" : 1402298230716, "net_variation" : -0.005245872744044925, "opposing_orders" : [ { "$oid" : "53955bd30a366561777c2eb3" } ], "pending" : "complete", "price" : 3, "quantity" : 0.2, "quantity_left" : 0, "short_symbol" : "opt_one", "side" : "bid", "time" : 1402297837639, "variation_margin" : [ { "$oid" : "53955e85672848e67937a909" } ] }
{ "__v" : 0, "_id" : { "$oid" : "53955f763c3d1dbf7a73ae28" }, "btc_prices" : [ 647.48 ], "initial_margin" : 0.003706678198554395, "last_trade_time" : 1402298243308, "net_variation" : 0, "opposing_orders" : [], "pending" : "complete", "price" : 3, "quantity" : 0.6, "quantity_left" : 0, "quantity_original" : 0.6, "seller" : { "$oid" : "5395171a9b1ad42e26908f18" }, "short_symbol" : "opt_one", "side" : "ask", "time" : 1402298230725, "variation_margin" : [] }
{ "__v" : 0, "_id" : { "$oid" : "53955f783c3d1dbf7a73ae29" }, "btc_prices" : [ 647.48 ], "initial_margin" : 0.003706678198554395, "last_trade_time" : 1402298243310, "net_variation" : 0, "opposing_orders" : [], "option_type" : "call", "pending" : "pending", "price" : 3, "quantity" : 0.6, "quantity_left" : 0.1999999999999998, "quantity_original" : 0.6, "seller" : { "$oid" : "5395171a9b1ad42e26908f18" }, "short_symbol" : "opt_one", "side" : "ask", "time" : 1402298232578, "variation_margin" : [] }
{ "time" : 1402298243321, "short_symbol" : "opt_one", "side" : "bid", "price" : 3, "quantity_original" : 1, "quantity" : 1, "quantity_left" : 0, "seller" : { "$oid" : "5395171a9b1ad42e26908f18" }, "buyer" : { "$oid" : "539517099b1ad42e26908f16" }, "pending" : "complete", "initial_margin" : 0.006177796997590659, "_id" : { "$oid" : "53955f833c3d1dbf7a73ae2b" }, "opposing_orders" : [ { "$oid" : "53955f763c3d1dbf7a73ae28" }, { "$oid" : "53955f783c3d1dbf7a73ae29" } ], "net_variation" : 0, "btc_prices" : [ 647.48 ], "variation_margin" : [], "__v" : 0 }
{ "time" : 1402353785181, "option_type" : "call", "short_symbol" : "opt_one", "side" : "bid", "price" : 1, "quantity" : 2, "quantity_original" : 2, "quantity_left" : 2, "initial_margin" : 0.01244632522247806, "buyer" : { "$oid" : "5395647a64c298e07fc7918c" }, "pending" : "pending", "_id" : { "$oid" : "53963879a59bed2b8f72abe2" }, "opposing_orders" : [], "net_variation" : 0, "btc_prices" : [ 642.76 ], "variation_margin" : [], "__v" : 0 }
{ "__v" : 0, "_id" : { "$oid" : "5397af731b1ff40000f95e96" }, "btc_prices" : [ 649.99 ], "buyer" : { "$oid" : "5397af0711334e0000445224" }, "initial_margin" : 0.01230788165971784, "last_trade_time" : 1402449845680, "net_variation" : 0, "opposing_orders" : [], "option_type" : "call", "pending" : "exercised", "price" : 5, "quantity" : 2, "quantity_left" : 0, "quantity_original" : 2, "short_symbol" : "BUSD1", "side" : "bid", "time" : 1402449779900, "variation_margin" : [] }
{ "time" : 1402449845684, "short_symbol" : "BUSD1", "side" : "ask", "price" : 5, "quantity_original" : 2, "quantity" : 2, "quantity_left" : 0, "seller" : { "$oid" : "5397af941b1ff40000f95e97" }, "pending" : "complete", "initial_margin" : 0.01230788165971784, "_id" : { "$oid" : "5397afb51b1ff40000f95ee8" }, "opposing_orders" : [], "net_variation" : 0, "btc_prices" : [ 649.99 ], "variation_margin" : [], "__v" : 0 }
{ "__v" : 0, "_id" : { "$oid" : "5398b6783637c7c404fee01f" }, "btc_prices" : [ 636.29 ], "buyer" : { "$oid" : "5397af941b1ff40000f95e97" }, "initial_margin" : 0.01257288343365447, "net_variation" : 0, "opposing_orders" : [], "option_type" : "call", "pending" : "cancelled", "price" : 5, "quantity" : 2, "quantity_left" : 2, "quantity_original" : 2, "short_symbol" : "BUSD32", "side" : "bid", "time" : 1402517112505, "variation_margin" : [] }
{ "__v" : 0, "_id" : { "$oid" : "5398f09c8132981b3a9bdf28" }, "btc_prices" : [ 620.22 ], "buyer" : { "$oid" : "5397af941b1ff40000f95e97" }, "initial_margin" : 0.01934797329979684, "net_variation" : 0, "opposing_orders" : [], "option_type" : "call", "pending" : "cancelled", "price" : 5, "quantity" : 3, "quantity_left" : 3, "quantity_original" : 3, "short_symbol" : "BUSD2", "side" : "bid", "time" : 1402531996530, "variation_margin" : [] }
{ "__v" : 0, "_id" : { "$oid" : "5398f859194b271940a03bc1" }, "btc_prices" : [ 626.7 ], "buyer" : { "$oid" : "5397af941b1ff40000f95e97" }, "initial_margin" : 0.006382639221318015, "net_variation" : 0, "opposing_orders" : [], "option_type" : "call", "pending" : "cancelled", "price" : 5, "quantity" : 1, "quantity_left" : 1, "quantity_original" : 1, "short_symbol" : "BUSD2", "side" : "bid", "time" : 1402533977680, "variation_margin" : [] }
{ "__v" : 0, "_id" : { "$oid" : "5398fb3f509369f245a779c5" }, "btc_prices" : [ 626.5 ], "buyer" : { "$oid" : "5397af941b1ff40000f95e97" }, "initial_margin" : 0.006384676775738229, "net_variation" : 0, "opposing_orders" : [], "option_type" : "call", "pending" : "cancelled", "price" : 5, "quantity" : 1, "quantity_left" : 1, "quantity_original" : 1, "short_symbol" : "BUSD2", "side" : "bid", "time" : 1402534719582, "variation_margin" : [] }
{ "__v" : 0, "_id" : { "$oid" : "5398fbbba11296e446871624" }, "btc_prices" : [ 626.49 ], "buyer" : { "$oid" : "5397af941b1ff40000f95e97" }, "initial_margin" : 0.006384778687608741, "net_variation" : 0, "opposing_orders" : [], "option_type" : "call", "pending" : "cancelled", "price" : 5, "quantity" : 1, "quantity_left" : 1, "quantity_original" : 1, "short_symbol" : "BUSD2", "side" : "bid", "time" : 1402534843556, "variation_margin" : [] }
{ "__v" : 0, "_id" : { "$oid" : "5398fc36ee31455848c2370c" }, "btc_prices" : [ 626.5 ], "buyer" : { "$oid" : "5397af941b1ff40000f95e97" }, "initial_margin" : 0.006384676775738229, "net_variation" : 0, "opposing_orders" : [], "option_type" : "call", "pending" : "cancelled", "price" : 5, "quantity" : 1, "quantity_left" : 1, "quantity_original" : 1, "short_symbol" : "BUSD2", "side" : "bid", "time" : 1402534966985, "variation_margin" : [] }
{ "__v" : 0, "_id" : { "$oid" : "5398fc44ee31455848c2370d" }, "btc_prices" : [ 626.5 ], "buyer" : { "$oid" : "5397af941b1ff40000f95e97" }, "initial_margin" : 0.006384676775738229, "net_variation" : 0, "opposing_orders" : [], "option_type" : "call", "pending" : "cancelled", "price" : 5, "quantity" : 1, "quantity_left" : 1, "quantity_original" : 1, "short_symbol" : "BUSD2", "side" : "bid", "time" : 1402534980797, "variation_margin" : [] }
{ "__v" : 0, "_id" : { "$oid" : "5398fc71ee31455848c2370e" }, "btc_prices" : [ 626.5 ], "buyer" : { "$oid" : "5397af941b1ff40000f95e97" }, "initial_margin" : 0.006384676775738229, "net_variation" : 0, "opposing_orders" : [], "option_type" : "call", "pending" : "cancelled", "price" : 5, "quantity" : 1, "quantity_left" : 1, "quantity_original" : 1, "short_symbol" : "BUSD2", "side" : "bid", "time" : 1402535025343, "variation_margin" : [] }
{ "__v" : 0, "_id" : { "$oid" : "5398fcc6ee31455848c2370f" }, "btc_prices" : [ 624.1799999999999 ], "buyer" : { "$oid" : "5397af941b1ff40000f95e97" }, "initial_margin" : 0.00640840783107437, "net_variation" : 0, "opposing_orders" : [], "option_type" : "call", "pending" : "cancelled", "price" : 5, "quantity" : 1, "quantity_left" : 1, "quantity_original" : 1, "short_symbol" : "BUSD2", "side" : "bid", "time" : 1402535110361, "variation_margin" : [] }
{ "__v" : 0, "_id" : { "$oid" : "5398fd43b39398164b3c1cbb" }, "btc_prices" : [ 624.1799999999999 ], "buyer" : { "$oid" : "5397af941b1ff40000f95e97" }, "initial_margin" : 0.00640840783107437, "last_trade_time" : 1402535254251, "net_variation" : 0, "opposing_orders" : [], "option_type" : "call", "pending" : "exercised", "price" : 5, "quantity" : 1, "quantity_left" : 0, "quantity_original" : 1, "short_symbol" : "BUSD2", "side" : "bid", "time" : 1402535235411, "variation_margin" : [] }
{ "time" : 1402535254257, "short_symbol" : "BUSD2", "side" : "ask", "price" : 5, "quantity_original" : 1, "quantity" : 1, "quantity_left" : 0, "seller" : { "$oid" : "5397af0711334e0000445224" }, "pending" : "complete", "initial_margin" : 0.00640840783107437, "_id" : { "$oid" : "5398fd56b39398164b3c1cbc" }, "opposing_orders" : [], "net_variation" : 0, "btc_prices" : [ 624.1799999999999 ], "variation_margin" : [], "__v" : 0 }
{ "__v" : 0, "_id" : { "$oid" : "53990ed9ddd33e9451f3f0db" }, "btc_prices" : [ 628.5 ], "initial_margin" : 0.006364359586316627, "net_variation" : 0, "opposing_orders" : [], "option_type" : "call", "pending" : "cancelled", "price" : 5, "quantity" : 1, "quantity_left" : 1, "quantity_original" : 1, "seller" : { "$oid" : "5397af0711334e0000445224" }, "short_symbol" : "BUSD3", "side" : "ask", "time" : 1402539737031, "variation_margin" : [] }
{ "time" : 1402542969056, "option_type" : "call", "short_symbol" : "BUSD3", "side" : "bid", "price" : 0.001, "quantity" : 1, "quantity_original" : 1, "quantity_left" : 1, "initial_margin" : 0.006385594099711052, "buyer" : { "$oid" : "5397af941b1ff40000f95e97" }, "pending" : "pending", "_id" : { "$oid" : "53991b792f9668be6d90b3cc" }, "opposing_orders" : [], "net_variation" : 0, "btc_prices" : [ 626.41 ], "variation_margin" : [], "__v" : 0 }
{ "time" : 1402543621645, "option_type" : "call", "short_symbol" : "BUSD3", "side" : "bid", "price" : 0.1922535007819534, "quantity" : 1, "quantity_original" : 1, "quantity_left" : 1, "initial_margin" : 0.006345580303318739, "buyer" : { "$oid" : "5397af941b1ff40000f95e97" }, "pending" : "pending", "_id" : { "$oid" : "53991e05f32cf75c72cff4ef" }, "opposing_orders" : [], "net_variation" : 0, "btc_prices" : [ 630.36 ], "variation_margin" : [], "__v" : 0 }
{ "time" : 1402543731170, "option_type" : "call", "short_symbol" : "BUSD3", "side" : "bid", "price" : 0.0566924935206771, "quantity" : 6.082429783884436, "quantity_original" : 6.082429783884436, "quantity_left" : 6.082429783884436, "initial_margin" : 0.03880214209361383, "buyer" : { "$oid" : "5397af941b1ff40000f95e97" }, "pending" : "pending", "_id" : { "$oid" : "53991e73fc66decb72758fa5" }, "opposing_orders" : [], "net_variation" : 0, "btc_prices" : [ 627.02 ], "variation_margin" : [], "__v" : 0 }
{ "time" : 1402543731180, "option_type" : "call", "short_symbol" : "BUSD3", "side" : "bid", "price" : 0.0566924935206771, "quantity" : 6.082429783884436, "quantity_original" : 6.082429783884436, "quantity_left" : 6.082429783884436, "initial_margin" : 0.03880214209361383, "buyer" : { "$oid" : "5397af941b1ff40000f95e97" }, "pending" : "pending", "_id" : { "$oid" : "53991e73fc66decb72758fa6" }, "opposing_orders" : [], "net_variation" : 0, "btc_prices" : [ 627.02 ], "variation_margin" : [], "__v" : 0 }
{ "time" : 1402543731229, "option_type" : "call", "short_symbol" : "BUSD3", "side" : "bid", "price" : 0.0566924935206771, "quantity" : 6.082429783884436, "quantity_original" : 6.082429783884436, "quantity_left" : 6.082429783884436, "initial_margin" : 0.03880214209361383, "buyer" : { "$oid" : "5397af941b1ff40000f95e97" }, "pending" : "pending", "_id" : { "$oid" : "53991e73fc66decb72758fa7" }, "opposing_orders" : [], "net_variation" : 0, "btc_prices" : [ 627.02 ], "variation_margin" : [], "__v" : 0 }
{ "time" : 1402543731231, "option_type" : "call", "short_symbol" : "BUSD3", "side" : "bid", "price" : 0.0566924935206771, "quantity" : 6.082429783884436, "quantity_original" : 6.082429783884436, "quantity_left" : 6.082429783884436, "initial_margin" : 0.03880214209361383, "buyer" : { "$oid" : "5397af941b1ff40000f95e97" }, "pending" : "pending", "_id" : { "$oid" : "53991e73fc66decb72758fa8" }, "opposing_orders" : [], "net_variation" : 0, "btc_prices" : [ 627.02 ], "variation_margin" : [], "__v" : 0 }
{ "time" : 1402543731241, "option_type" : "call", "short_symbol" : "BUSD3", "side" : "bid", "price" : 0.0566924935206771, "quantity" : 6.082429783884436, "quantity_original" : 6.082429783884436, "quantity_left" : 6.082429783884436, "initial_margin" : 0.03880214209361383, "buyer" : { "$oid" : "5397af941b1ff40000f95e97" }, "pending" : "pending", "_id" : { "$oid" : "53991e73fc66decb72758fa9" }, "opposing_orders" : [], "net_variation" : 0, "btc_prices" : [ 627.02 ], "variation_margin" : [], "__v" : 0 }
{ "time" : 1402543731251, "option_type" : "call", "short_symbol" : "BUSD3", "side" : "bid", "price" : 0.0566924935206771, "quantity" : 6.082429783884436, "quantity_original" : 6.082429783884436, "quantity_left" : 6.082429783884436, "initial_margin" : 0.03880214209361383, "buyer" : { "$oid" : "5397af941b1ff40000f95e97" }, "pending" : "pending", "_id" : { "$oid" : "53991e73fc66decb72758faa" }, "opposing_orders" : [], "net_variation" : 0, "btc_prices" : [ 627.02 ], "variation_margin" : [], "__v" : 0 }
{ "time" : 1402543731279, "option_type" : "call", "short_symbol" : "BUSD3", "side" : "bid", "price" : 0.0566924935206771, "quantity" : 6.082429783884436, "quantity_original" : 6.082429783884436, "quantity_left" : 6.082429783884436, "initial_margin" : 0.03880214209361383, "buyer" : { "$oid" : "5397af941b1ff40000f95e97" }, "pending" : "pending", "_id" : { "$oid" : "53991e73fc66decb72758fab" }, "opposing_orders" : [], "net_variation" : 0, "btc_prices" : [ 627.02 ], "variation_margin" : [], "__v" : 0 }
{ "time" : 1402543731286, "option_type" : "call", "short_symbol" : "BUSD3", "side" : "bid", "price" : 0.0566924935206771, "quantity" : 6.082429783884436, "quantity_original" : 6.082429783884436, "quantity_left" : 6.082429783884436, "initial_margin" : 0.03880214209361383, "buyer" : { "$oid" : "5397af941b1ff40000f95e97" }, "pending" : "pending", "_id" : { "$oid" : "53991e73fc66decb72758fac" }, "opposing_orders" : [], "net_variation" : 0, "btc_prices" : [ 627.02 ], "variation_margin" : [], "__v" : 0 }
{ "time" : 1402543731290, "option_type" : "call", "short_symbol" : "BUSD3", "side" : "bid", "price" : 0.0566924935206771, "quantity" : 6.082429783884436, "quantity_original" : 6.082429783884436, "quantity_left" : 6.082429783884436, "initial_margin" : 0.03880214209361383, "buyer" : { "$oid" : "5397af941b1ff40000f95e97" }, "pending" : "pending", "_id" : { "$oid" : "53991e73fc66decb72758fad" }, "opposing_orders" : [], "net_variation" : 0, "btc_prices" : [ 627.02 ], "variation_margin" : [], "__v" : 0 }
{ "time" : 1402543731295, "option_type" : "call", "short_symbol" : "BUSD3", "side" : "bid", "price" : 0.0566924935206771, "quantity" : 6.082429783884436, "quantity_original" : 6.082429783884436, "quantity_left" : 6.082429783884436, "initial_margin" : 0.03880214209361383, "buyer" : { "$oid" : "5397af941b1ff40000f95e97" }, "pending" : "pending", "_id" : { "$oid" : "53991e73fc66decb72758fae" }, "opposing_orders" : [], "net_variation" : 0, "btc_prices" : [ 627.02 ], "variation_margin" : [], "__v" : 0 }
{ "time" : 1402543731315, "option_type" : "call", "short_symbol" : "BUSD3", "side" : "bid", "price" : 0.0566924935206771, "quantity" : 6.082429783884436, "quantity_original" : 6.082429783884436, "quantity_left" : 6.082429783884436, "initial_margin" : 0.03880214209361383, "buyer" : { "$oid" : "5397af941b1ff40000f95e97" }, "pending" : "pending", "_id" : { "$oid" : "53991e73fc66decb72758faf" }, "opposing_orders" : [], "net_variation" : 0, "btc_prices" : [ 627.02 ], "variation_margin" : [], "__v" : 0 }
{ "time" : 1402543731321, "option_type" : "call", "short_symbol" : "BUSD3", "side" : "bid", "price" : 0.0566924935206771, "quantity" : 6.082429783884436, "quantity_original" : 6.082429783884436, "quantity_left" : 6.082429783884436, "initial_margin" : 0.03880214209361383, "buyer" : { "$oid" : "5397af941b1ff40000f95e97" }, "pending" : "pending", "_id" : { "$oid" : "53991e73fc66decb72758fb0" }, "opposing_orders" : [], "net_variation" : 0, "btc_prices" : [ 627.02 ], "variation_margin" : [], "__v" : 0 }
{ "time" : 1402543731326, "option_type" : "call", "short_symbol" : "BUSD3", "side" : "bid", "price" : 0.0566924935206771, "quantity" : 6.082429783884436, "quantity_original" : 6.082429783884436, "quantity_left" : 6.082429783884436, "initial_margin" : 0.03880214209361383, "buyer" : { "$oid" : "5397af941b1ff40000f95e97" }, "pending" : "pending", "_id" : { "$oid" : "53991e73fc66decb72758fb1" }, "opposing_orders" : [], "net_variation" : 0, "btc_prices" : [ 627.02 ], "variation_margin" : [], "__v" : 0 }
{ "time" : 1402543731333, "option_type" : "call", "short_symbol" : "BUSD3", "side" : "bid", "price" : 0.0566924935206771, "quantity" : 6.082429783884436, "quantity_original" : 6.082429783884436, "quantity_left" : 6.082429783884436, "initial_margin" : 0.03880214209361383, "buyer" : { "$oid" : "5397af941b1ff40000f95e97" }, "pending" : "pending", "_id" : { "$oid" : "53991e73fc66decb72758fb2" }, "opposing_orders" : [], "net_variation" : 0, "btc_prices" : [ 627.02 ], "variation_margin" : [], "__v" : 0 }
{ "time" : 1402543731337, "option_type" : "call", "short_symbol" : "BUSD3", "side" : "bid", "price" : 0.0566924935206771, "quantity" : 6.082429783884436, "quantity_original" : 6.082429783884436, "quantity_left" : 6.082429783884436, "initial_margin" : 0.03880214209361383, "buyer" : { "$oid" : "5397af941b1ff40000f95e97" }, "pending" : "pending", "_id" : { "$oid" : "53991e73fc66decb72758fb3" }, "opposing_orders" : [], "net_variation" : 0, "btc_prices" : [ 627.02 ], "variation_margin" : [], "__v" : 0 }
{ "time" : 1402543731340, "option_type" : "call", "short_symbol" : "BUSD3", "side" : "bid", "price" : 0.0566924935206771, "quantity" : 6.082429783884436, "quantity_original" : 6.082429783884436, "quantity_left" : 6.082429783884436, "initial_margin" : 0.03880214209361383, "buyer" : { "$oid" : "5397af941b1ff40000f95e97" }, "pending" : "pending", "_id" : { "$oid" : "53991e73fc66decb72758fb4" }, "opposing_orders" : [], "net_variation" : 0, "btc_prices" : [ 627.02 ], "variation_margin" : [], "__v" : 0 }
{ "time" : 1402543731345, "option_type" : "call", "short_symbol" : "BUSD3", "side" : "bid", "price" : 0.0566924935206771, "quantity" : 6.082429783884436, "quantity_original" : 6.082429783884436, "quantity_left" : 6.082429783884436, "initial_margin" : 0.03880214209361383, "buyer" : { "$oid" : "5397af941b1ff40000f95e97" }, "pending" : "pending", "_id" : { "$oid" : "53991e73fc66decb72758fb5" }, "opposing_orders" : [], "net_variation" : 0, "btc_prices" : [ 627.02 ], "variation_margin" : [], "__v" : 0 }
{ "time" : 1402543731349, "option_type" : "call", "short_symbol" : "BUSD3", "side" : "bid", "price" : 0.0566924935206771, "quantity" : 6.082429783884436, "quantity_original" : 6.082429783884436, "quantity_left" : 6.082429783884436, "initial_margin" : 0.03880214209361383, "buyer" : { "$oid" : "5397af941b1ff40000f95e97" }, "pending" : "pending", "_id" : { "$oid" : "53991e73fc66decb72758fb6" }, "opposing_orders" : [], "net_variation" : 0, "btc_prices" : [ 627.02 ], "variation_margin" : [], "__v" : 0 }
{ "time" : 1402543731355, "option_type" : "call", "short_symbol" : "BUSD3", "side" : "bid", "price" : 0.0566924935206771, "quantity" : 6.082429783884436, "quantity_original" : 6.082429783884436, "quantity_left" : 6.082429783884436, "initial_margin" : 0.03880214209361383, "buyer" : { "$oid" : "5397af941b1ff40000f95e97" }, "pending" : "pending", "_id" : { "$oid" : "53991e73fc66decb72758fb7" }, "opposing_orders" : [], "net_variation" : 0, "btc_prices" : [ 627.02 ], "variation_margin" : [], "__v" : 0 }
{ "time" : 1402543731373, "option_type" : "call", "short_symbol" : "BUSD3", "side" : "bid", "price" : 0.0566924935206771, "quantity" : 6.082429783884436, "quantity_original" : 6.082429783884436, "quantity_left" : 6.082429783884436, "initial_margin" : 0.03880214209361383, "buyer" : { "$oid" : "5397af941b1ff40000f95e97" }, "pending" : "pending", "_id" : { "$oid" : "53991e73fc66decb72758fb8" }, "opposing_orders" : [], "net_variation" : 0, "btc_prices" : [ 627.02 ], "variation_margin" : [], "__v" : 0 }
{ "time" : 1402547679706, "option_type" : "call", "short_symbol" : "BUSD19", "side" : "bid", "price" : 0.1673820784315467, "quantity" : 12.12145509663969, "quantity_original" : 12.12145509663969, "quantity_left" : 12.12145509663969, "initial_margin" : 0.07697383773068546, "buyer" : { "$oid" : "5397af941b1ff40000f95e97" }, "pending" : "pending", "_id" : { "$oid" : "53992ddfe2b0b25b74c765dd" }, "opposing_orders" : [], "net_variation" : 0, "btc_prices" : [ 629.9 ], "variation_margin" : [], "__v" : 0 }
{ "time" : 1402547679717, "option_type" : "call", "short_symbol" : "BUSD19", "side" : "bid", "price" : 0.1673820784315467, "quantity" : 12.12145509663969, "quantity_original" : 12.12145509663969, "quantity_left" : 12.12145509663969, "initial_margin" : 0.07697383773068546, "buyer" : { "$oid" : "5397af941b1ff40000f95e97" }, "pending" : "pending", "_id" : { "$oid" : "53992ddfe2b0b25b74c765de" }, "opposing_orders" : [], "net_variation" : 0, "btc_prices" : [ 629.9 ], "variation_margin" : [], "__v" : 0 }
{ "time" : 1402547679834, "option_type" : "call", "short_symbol" : "BUSD19", "side" : "bid", "price" : 0.1673820784315467, "quantity" : 12.12145509663969, "quantity_original" : 12.12145509663969, "quantity_left" : 12.12145509663969, "initial_margin" : 0.07697383773068546, "buyer" : { "$oid" : "5397af941b1ff40000f95e97" }, "pending" : "pending", "_id" : { "$oid" : "53992ddfe2b0b25b74c765df" }, "opposing_orders" : [], "net_variation" : 0, "btc_prices" : [ 629.9 ], "variation_margin" : [], "__v" : 0 }
{ "time" : 1402547679841, "option_type" : "call", "short_symbol" : "BUSD19", "side" : "bid", "price" : 0.1673820784315467, "quantity" : 12.12145509663969, "quantity_original" : 12.12145509663969, "quantity_left" : 12.12145509663969, "initial_margin" : 0.07697383773068546, "buyer" : { "$oid" : "5397af941b1ff40000f95e97" }, "pending" : "pending", "_id" : { "$oid" : "53992ddfe2b0b25b74c765e0" }, "opposing_orders" : [], "net_variation" : 0, "btc_prices" : [ 629.9 ], "variation_margin" : [], "__v" : 0 }
{ "time" : 1402547679851, "option_type" : "call", "short_symbol" : "BUSD19", "side" : "bid", "price" : 0.1673820784315467, "quantity" : 12.12145509663969, "quantity_original" : 12.12145509663969, "quantity_left" : 12.12145509663969, "initial_margin" : 0.07697383773068546, "buyer" : { "$oid" : "5397af941b1ff40000f95e97" }, "pending" : "pending", "_id" : { "$oid" : "53992ddfe2b0b25b74c765e1" }, "opposing_orders" : [], "net_variation" : 0, "btc_prices" : [ 629.9 ], "variation_margin" : [], "__v" : 0 }
{ "time" : 1402547679878, "option_type" : "call", "short_symbol" : "BUSD19", "side" : "bid", "price" : 0.1673820784315467, "quantity" : 12.12145509663969, "quantity_original" : 12.12145509663969, "quantity_left" : 12.12145509663969, "initial_margin" : 0.07697383773068546, "buyer" : { "$oid" : "5397af941b1ff40000f95e97" }, "pending" : "pending", "_id" : { "$oid" : "53992ddfe2b0b25b74c765e2" }, "opposing_orders" : [], "net_variation" : 0, "btc_prices" : [ 629.9 ], "variation_margin" : [], "__v" : 0 }
{ "time" : 1402547679881, "option_type" : "call", "short_symbol" : "BUSD19", "side" : "bid", "price" : 0.1673820784315467, "quantity" : 12.12145509663969, "quantity_original" : 12.12145509663969, "quantity_left" : 12.12145509663969, "initial_margin" : 0.07697383773068546, "buyer" : { "$oid" : "5397af941b1ff40000f95e97" }, "pending" : "pending", "_id" : { "$oid" : "53992ddfe2b0b25b74c765e3" }, "opposing_orders" : [], "net_variation" : 0, "btc_prices" : [ 629.9 ], "variation_margin" : [], "__v" : 0 }
{ "time" : 1402547679894, "option_type" : "call", "short_symbol" : "BUSD19", "side" : "bid", "price" : 0.1673820784315467, "quantity" : 12.12145509663969, "quantity_original" : 12.12145509663969, "quantity_left" : 12.12145509663969, "initial_margin" : 0.07697383773068546, "buyer" : { "$oid" : "5397af941b1ff40000f95e97" }, "pending" : "pending", "_id" : { "$oid" : "53992ddfe2b0b25b74c765e4" }, "opposing_orders" : [], "net_variation" : 0, "btc_prices" : [ 629.9 ], "variation_margin" : [], "__v" : 0 }
{ "time" : 1402547679897, "option_type" : "call", "short_symbol" : "BUSD19", "side" : "bid", "price" : 0.1673820784315467, "quantity" : 12.12145509663969, "quantity_original" : 12.12145509663969, "quantity_left" : 12.12145509663969, "initial_margin" : 0.07697383773068546, "buyer" : { "$oid" : "5397af941b1ff40000f95e97" }, "pending" : "pending", "_id" : { "$oid" : "53992ddfe2b0b25b74c765e5" }, "opposing_orders" : [], "net_variation" : 0, "btc_prices" : [ 629.9 ], "variation_margin" : [], "__v" : 0 }
{ "time" : 1402547679920, "option_type" : "call", "short_symbol" : "BUSD19", "side" : "bid", "price" : 0.1673820784315467, "quantity" : 12.12145509663969, "quantity_original" : 12.12145509663969, "quantity_left" : 12.12145509663969, "initial_margin" : 0.07697383773068546, "buyer" : { "$oid" : "5397af941b1ff40000f95e97" }, "pending" : "pending", "_id" : { "$oid" : "53992ddfe2b0b25b74c765e6" }, "opposing_orders" : [], "net_variation" : 0, "btc_prices" : [ 629.9 ], "variation_margin" : [], "__v" : 0 }
{ "time" : 1402547679929, "option_type" : "call", "short_symbol" : "BUSD19", "side" : "bid", "price" : 0.1673820784315467, "quantity" : 12.12145509663969, "quantity_original" : 12.12145509663969, "quantity_left" : 12.12145509663969, "initial_margin" : 0.07697383773068546, "buyer" : { "$oid" : "5397af941b1ff40000f95e97" }, "pending" : "pending", "_id" : { "$oid" : "53992ddfe2b0b25b74c765e7" }, "opposing_orders" : [], "net_variation" : 0, "btc_prices" : [ 629.9 ], "variation_margin" : [], "__v" : 0 }
{ "time" : 1402547679937, "option_type" : "call", "short_symbol" : "BUSD19", "side" : "bid", "price" : 0.1673820784315467, "quantity" : 12.12145509663969, "quantity_original" : 12.12145509663969, "quantity_left" : 12.12145509663969, "initial_margin" : 0.07697383773068546, "buyer" : { "$oid" : "5397af941b1ff40000f95e97" }, "pending" : "pending", "_id" : { "$oid" : "53992ddfe2b0b25b74c765e8" }, "opposing_orders" : [], "net_variation" : 0, "btc_prices" : [ 629.9 ], "variation_margin" : [], "__v" : 0 }
{ "time" : 1402547679954, "option_type" : "call", "short_symbol" : "BUSD19", "side" : "bid", "price" : 0.1673820784315467, "quantity" : 12.12145509663969, "quantity_original" : 12.12145509663969, "quantity_left" : 12.12145509663969, "initial_margin" : 0.07697383773068546, "buyer" : { "$oid" : "5397af941b1ff40000f95e97" }, "pending" : "pending", "_id" : { "$oid" : "53992ddfe2b0b25b74c765e9" }, "opposing_orders" : [], "net_variation" : 0, "btc_prices" : [ 629.9 ], "variation_margin" : [], "__v" : 0 }
{ "time" : 1402547679964, "option_type" : "call", "short_symbol" : "BUSD19", "side" : "bid", "price" : 0.1673820784315467, "quantity" : 12.12145509663969, "quantity_original" : 12.12145509663969, "quantity_left" : 12.12145509663969, "initial_margin" : 0.07697383773068546, "buyer" : { "$oid" : "5397af941b1ff40000f95e97" }, "pending" : "pending", "_id" : { "$oid" : "53992ddfe2b0b25b74c765ea" }, "opposing_orders" : [], "net_variation" : 0, "btc_prices" : [ 629.9 ], "variation_margin" : [], "__v" : 0 }
{ "time" : 1402547679972, "option_type" : "call", "short_symbol" : "BUSD19", "side" : "bid", "price" : 0.1673820784315467, "quantity" : 12.12145509663969, "quantity_original" : 12.12145509663969, "quantity_left" : 12.12145509663969, "initial_margin" : 0.07697383773068546, "buyer" : { "$oid" : "5397af941b1ff40000f95e97" }, "pending" : "pending", "_id" : { "$oid" : "53992ddfe2b0b25b74c765eb" }, "opposing_orders" : [], "net_variation" : 0, "btc_prices" : [ 629.9 ], "variation_margin" : [], "__v" : 0 }
{ "time" : 1402547680046, "option_type" : "call", "short_symbol" : "BUSD19", "side" : "bid", "price" : 0.1673820784315467, "quantity" : 12.12145509663969, "quantity_original" : 12.12145509663969, "quantity_left" : 12.12145509663969, "initial_margin" : 0.07697383773068546, "buyer" : { "$oid" : "5397af941b1ff40000f95e97" }, "pending" : "pending", "_id" : { "$oid" : "53992de0e2b0b25b74c765ec" }, "opposing_orders" : [], "net_variation" : 0, "btc_prices" : [ 629.9 ], "variation_margin" : [], "__v" : 0 }
{ "time" : 1402547680049, "option_type" : "call", "short_symbol" : "BUSD19", "side" : "bid", "price" : 0.1673820784315467, "quantity" : 12.12145509663969, "quantity_original" : 12.12145509663969, "quantity_left" : 12.12145509663969, "initial_margin" : 0.07697383773068546, "buyer" : { "$oid" : "5397af941b1ff40000f95e97" }, "pending" : "pending", "_id" : { "$oid" : "53992de0e2b0b25b74c765ed" }, "opposing_orders" : [], "net_variation" : 0, "btc_prices" : [ 629.9 ], "variation_margin" : [], "__v" : 0 }
{ "time" : 1402547680058, "option_type" : "call", "short_symbol" : "BUSD19", "side" : "bid", "price" : 0.1673820784315467, "quantity" : 12.12145509663969, "quantity_original" : 12.12145509663969, "quantity_left" : 12.12145509663969, "initial_margin" : 0.07697383773068546, "buyer" : { "$oid" : "5397af941b1ff40000f95e97" }, "pending" : "pending", "_id" : { "$oid" : "53992de0e2b0b25b74c765ee" }, "opposing_orders" : [], "net_variation" : 0, "btc_prices" : [ 629.9 ], "variation_margin" : [], "__v" : 0 }
{ "time" : 1402547680061, "option_type" : "call", "short_symbol" : "BUSD19", "side" : "bid", "price" : 0.1673820784315467, "quantity" : 12.12145509663969, "quantity_original" : 12.12145509663969, "quantity_left" : 12.12145509663969, "initial_margin" : 0.07697383773068546, "buyer" : { "$oid" : "5397af941b1ff40000f95e97" }, "pending" : "pending", "_id" : { "$oid" : "53992de0e2b0b25b74c765ef" }, "opposing_orders" : [], "net_variation" : 0, "btc_prices" : [ 629.9 ], "variation_margin" : [], "__v" : 0 }
{ "time" : 1402547853451, "option_type" : "call", "short_symbol" : "BUSD2", "side" : "bid", "price" : 0.2333624570630491, "quantity" : 2.621887110639364, "quantity_original" : 2.621887110639364, "quantity_left" : 2.621887110639364, "initial_margin" : 0.01664954507470623, "buyer" : { "$oid" : "5397af941b1ff40000f95e97" }, "pending" : "pending", "_id" : { "$oid" : "53992e8db58354077593109c" }, "opposing_orders" : [], "net_variation" : 0, "btc_prices" : [ 629.9 ], "variation_margin" : [], "__v" : 0 }
{ "time" : 1402547853584, "option_type" : "call", "short_symbol" : "BUSD3", "side" : "bid", "price" : 0.1895706769544631, "quantity" : 7.126519000157714, "quantity_original" : 7.126519000157714, "quantity_left" : 7.126519000157714, "initial_margin" : 0.04525492300465289, "buyer" : { "$oid" : "5397af941b1ff40000f95e97" }, "pending" : "pending", "_id" : { "$oid" : "53992e8db58354077593109d" }, "opposing_orders" : [], "net_variation" : 0, "btc_prices" : [ 629.9 ], "variation_margin" : [], "__v" : 0 }
{ "time" : 1402547854633, "option_type" : "call", "short_symbol" : "BUSD4", "side" : "bid", "price" : 0.1815205179620534, "quantity" : 13.09845315525308, "quantity_original" : 13.09845315525308, "quantity_left" : 13.09845315525308, "initial_margin" : 0.08317798479284384, "buyer" : { "$oid" : "5397af941b1ff40000f95e97" }, "pending" : "pending", "_id" : { "$oid" : "53992e8eb58354077593109e" }, "opposing_orders" : [], "net_variation" : 0, "btc_prices" : [ 629.9 ], "variation_margin" : [], "__v" : 0 }
{ "time" : 1402547856625, "option_type" : "call", "short_symbol" : "BUSD6", "side" : "bid", "price" : 0.05491007925011218, "quantity" : 3.552271431311965, "quantity_original" : 3.552271431311965, "quantity_left" : 3.552271431311965, "initial_margin" : 0.02255768491069672, "buyer" : { "$oid" : "5397af941b1ff40000f95e97" }, "pending" : "pending", "_id" : { "$oid" : "53992e90b58354077593109f" }, "opposing_orders" : [], "net_variation" : 0, "btc_prices" : [ 629.9 ], "variation_margin" : [], "__v" : 0 }
{ "time" : 1402547856750, "option_type" : "call", "short_symbol" : "BUSD6", "side" : "bid", "price" : 0.05491007925011218, "quantity" : 3.552271431311965, "quantity_original" : 3.552271431311965, "quantity_left" : 3.552271431311965, "initial_margin" : 0.02255768491069672, "buyer" : { "$oid" : "5397af941b1ff40000f95e97" }, "pending" : "pending", "_id" : { "$oid" : "53992e90b5835407759310a0" }, "opposing_orders" : [], "net_variation" : 0, "btc_prices" : [ 629.9 ], "variation_margin" : [], "__v" : 0 }
{ "time" : 1402547857591, "option_type" : "call", "short_symbol" : "BUSD7", "side" : "bid", "price" : 0.1582427645567805, "quantity" : 8.546125145163387, "quantity_original" : 8.546125145163387, "quantity_left" : 8.546125145163387, "initial_margin" : 0.05426972627504929, "buyer" : { "$oid" : "5397af941b1ff40000f95e97" }, "pending" : "pending", "_id" : { "$oid" : "53992e91b5835407759310a1" }, "opposing_orders" : [], "net_variation" : 0, "btc_prices" : [ 629.9 ], "variation_margin" : [], "__v" : 0 }
{ "time" : 1402547858662, "option_type" : "call", "short_symbol" : "BUSD8", "side" : "bid", "price" : 0.09372185221873225, "quantity" : 12.69430777197704, "quantity_original" : 12.69430777197704, "quantity_left" : 12.69430777197704, "initial_margin" : 0.0806115749927102, "buyer" : { "$oid" : "5397af941b1ff40000f95e97" }, "pending" : "pending", "_id" : { "$oid" : "53992e92b5835407759310a2" }, "opposing_orders" : [], "net_variation" : 0, "btc_prices" : [ 629.9 ], "variation_margin" : [], "__v" : 0 }
{ "time" : 1402547859654, "option_type" : "call", "short_symbol" : "BUSD9", "side" : "bid", "price" : 0.2487041557673365, "quantity" : 4.432676861062646, "quantity_original" : 4.432676861062646, "quantity_left" : 4.432676861062646, "initial_margin" : 0.02814844807787043, "buyer" : { "$oid" : "5397af941b1ff40000f95e97" }, "pending" : "pending", "_id" : { "$oid" : "53992e93b5835407759310a3" }, "opposing_orders" : [], "net_variation" : 0, "btc_prices" : [ 629.9 ], "variation_margin" : [], "__v" : 0 }
{ "time" : 1402547860627, "option_type" : "call", "short_symbol" : "BUSD10", "side" : "bid", "price" : 0.2420447711832822, "quantity" : 5.624632712919265, "quantity_original" : 5.624632712919265, "quantity_left" : 5.624632712919265, "initial_margin" : 0.03571762319682022, "buyer" : { "$oid" : "5397af941b1ff40000f95e97" }, "pending" : "pending", "_id" : { "$oid" : "53992e94b5835407759310a4" }, "opposing_orders" : [], "net_variation" : 0, "btc_prices" : [ 629.9 ], "variation_margin" : [], "__v" : 0 }
{ "time" : 1402547941693, "option_type" : "call", "short_symbol" : "BUSD2", "side" : "bid", "price" : 0.1493171516805887, "quantity" : 12.72513459529728, "quantity_original" : 12.72513459529728, "quantity_left" : 12.72513459529728, "initial_margin" : 0.08106472110398011, "buyer" : { "$oid" : "5397af941b1ff40000f95e97" }, "pending" : "pending", "_id" : { "$oid" : "53992ee5e9ddf37075a51923" }, "opposing_orders" : [], "net_variation" : 0, "btc_prices" : [ 627.9 ], "variation_margin" : [], "__v" : 0 }
{ "time" : 1402547941860, "option_type" : "call", "short_symbol" : "BUSD3", "side" : "bid", "price" : 0.223385821050033, "quantity" : 6.595119900535792, "quantity_original" : 6.595119900535792, "quantity_left" : 6.595119900535792, "initial_margin" : 0.04201382322367124, "buyer" : { "$oid" : "5397af941b1ff40000f95e97" }, "pending" : "pending", "_id" : { "$oid" : "53992ee5e9ddf37075a51924" }, "opposing_orders" : [], "net_variation" : 0, "btc_prices" : [ 627.9 ], "variation_margin" : [], "__v" : 0 }
{ "time" : 1402547942046, "option_type" : "call", "short_symbol" : "BUSD4", "side" : "bid", "price" : 0.1631739606149495, "quantity" : 6.461552035063505, "quantity_original" : 6.461552035063505, "quantity_left" : 6.461552035063505, "initial_margin" : 0.04116293699674156, "buyer" : { "$oid" : "5397af941b1ff40000f95e97" }, "pending" : "pending", "_id" : { "$oid" : "53992ee6e9ddf37075a51925" }, "opposing_orders" : [], "net_variation" : 0, "btc_prices" : [ 627.9 ], "variation_margin" : [], "__v" : 0 }
{ "time" : 1402547942274, "option_type" : "call", "short_symbol" : "BUSD5", "side" : "bid", "price" : 0.06943056611344219, "quantity" : 7.199340122751892, "quantity_original" : 7.199340122751892, "quantity_left" : 7.199340122751892, "initial_margin" : 0.0458629725927816, "buyer" : { "$oid" : "5397af941b1ff40000f95e97" }, "pending" : "pending", "_id" : { "$oid" : "53992ee6e9ddf37075a51926" }, "opposing_orders" : [], "net_variation" : 0, "btc_prices" : [ 627.9 ], "variation_margin" : [], "__v" : 0 }
{ "time" : 1402547942457, "option_type" : "call", "short_symbol" : "BUSD6", "side" : "bid", "price" : 0.2283278197050095, "quantity" : 4.577862425707281, "quantity_original" : 4.577862425707281, "quantity_left" : 4.577862425707281, "initial_margin" : 0.02916300318972627, "buyer" : { "$oid" : "5397af941b1ff40000f95e97" }, "pending" : "pending", "_id" : { "$oid" : "53992ee6e9ddf37075a51927" }, "opposing_orders" : [], "net_variation" : 0, "btc_prices" : [ 627.9 ], "variation_margin" : [], "__v" : 0 }
{ "time" : 1402547943302, "option_type" : "call", "short_symbol" : "BUSD10", "side" : "bid", "price" : 0.128723988076672, "quantity" : 5.001152356620878, "quantity_original" : 5.001152356620878, "quantity_left" : 5.001152356620878, "initial_margin" : 0.03185954678528988, "buyer" : { "$oid" : "5397af941b1ff40000f95e97" }, "pending" : "pending", "_id" : { "$oid" : "53992ee7e9ddf37075a51928" }, "opposing_orders" : [], "net_variation" : 0, "btc_prices" : [ 627.9 ], "variation_margin" : [], "__v" : 0 }
{ "time" : 1402548405532, "option_type" : "call", "short_symbol" : "BUSD2", "side" : "bid", "price" : 0.09336096546612681, "quantity" : 11.21834533382207, "quantity_original" : 11.21834533382207, "quantity_left" : 11.21834533382207, "initial_margin" : 0.07126378690015292, "buyer" : { "$oid" : "5397af941b1ff40000f95e97" }, "pending" : "pending", "_id" : { "$oid" : "539930b55879ac6177c17233" }, "opposing_orders" : [], "net_variation" : 0, "btc_prices" : [ 629.6799999999999 ], "variation_margin" : [], "__v" : 0 }
{ "time" : 1402548405651, "option_type" : "call", "short_symbol" : "BUSD3", "side" : "bid", "price" : 0.2373134322930128, "quantity" : 11.25971916923299, "quantity_original" : 11.25971916923299, "quantity_left" : 11.25971916923299, "initial_margin" : 0.07152661141680215, "buyer" : { "$oid" : "5397af941b1ff40000f95e97" }, "pending" : "pending", "_id" : { "$oid" : "539930b55879ac6177c17234" }, "opposing_orders" : [], "net_variation" : 0, "btc_prices" : [ 629.6799999999999 ], "variation_margin" : [], "__v" : 0 }
{ "time" : 1402548405853, "option_type" : "call", "short_symbol" : "BUSD4", "side" : "bid", "price" : 0.198914489755407, "quantity" : 14.51477457536384, "quantity_original" : 14.51477457536384, "quantity_left" : 14.51477457536384, "initial_margin" : 0.09220413273639846, "buyer" : { "$oid" : "5397af941b1ff40000f95e97" }, "pending" : "pending", "_id" : { "$oid" : "539930b55879ac6177c17235" }, "opposing_orders" : [], "net_variation" : 0, "btc_prices" : [ 629.6799999999999 ], "variation_margin" : [], "__v" : 0 }
{ "time" : 1402548406053, "option_type" : "call", "short_symbol" : "BUSD5", "side" : "bid", "price" : 0.1404154313262552, "quantity" : 2.020859023556113, "quantity_original" : 2.020859023556113, "quantity_left" : 2.020859023556113, "initial_margin" : 0.01283737151287075, "buyer" : { "$oid" : "5397af941b1ff40000f95e97" }, "pending" : "pending", "_id" : { "$oid" : "539930b65879ac6177c17236" }, "opposing_orders" : [], "net_variation" : 0, "btc_prices" : [ 629.6799999999999 ], "variation_margin" : [], "__v" : 0 }
{ "time" : 1402548406252, "option_type" : "call", "short_symbol" : "BUSD6", "side" : "bid", "price" : 0.2027924836147577, "quantity" : 7.784748673904687, "quantity_original" : 7.784748673904687, "quantity_left" : 7.784748673904687, "initial_margin" : 0.04945209423138539, "buyer" : { "$oid" : "5397af941b1ff40000f95e97" }, "pending" : "pending", "_id" : { "$oid" : "539930b65879ac6177c17237" }, "opposing_orders" : [], "net_variation" : 0, "btc_prices" : [ 629.6799999999999 ], "variation_margin" : [], "__v" : 0 }
{ "time" : 1402548406452, "option_type" : "call", "short_symbol" : "BUSD7", "side" : "bid", "price" : 0.1367046031169593, "quantity" : 1.697840874549001, "quantity_original" : 1.697840874549001, "quantity_left" : 1.697840874549001, "initial_margin" : 0.01078542036938764, "buyer" : { "$oid" : "5397af941b1ff40000f95e97" }, "pending" : "pending", "_id" : { "$oid" : "539930b65879ac6177c17238" }, "opposing_orders" : [], "net_variation" : 0, "btc_prices" : [ 629.6799999999999 ], "variation_margin" : [], "__v" : 0 }
{ "time" : 1402548406676, "option_type" : "call", "short_symbol" : "BUSD8", "side" : "bid", "price" : 0.2370374539867043, "quantity" : 10.26315064681694, "quantity_original" : 10.26315064681694, "quantity_left" : 10.26315064681694, "initial_margin" : 0.06519597666635078, "buyer" : { "$oid" : "5397af941b1ff40000f95e97" }, "pending" : "pending", "_id" : { "$oid" : "539930b65879ac6177c17239" }, "opposing_orders" : [], "net_variation" : 0, "btc_prices" : [ 629.6799999999999 ], "variation_margin" : [], "__v" : 0 }
{ "time" : 1402548406852, "option_type" : "call", "short_symbol" : "BUSD9", "side" : "bid", "price" : 0.2405851089395583, "quantity" : 9.015310408081859, "quantity_original" : 9.015310408081859, "quantity_left" : 9.015310408081859, "initial_margin" : 0.0572691551777529, "buyer" : { "$oid" : "5397af941b1ff40000f95e97" }, "pending" : "pending", "_id" : { "$oid" : "539930b65879ac6177c1723a" }, "opposing_orders" : [], "net_variation" : 0, "btc_prices" : [ 629.6799999999999 ], "variation_margin" : [], "__v" : 0 }
{ "time" : 1402548407074, "option_type" : "call", "short_symbol" : "BUSD10", "side" : "bid", "price" : 0.09966426938772202, "quantity" : 1.743280624505132, "quantity_original" : 1.743280624505132, "quantity_left" : 1.743280624505132, "initial_margin" : 0.01107407333569516, "buyer" : { "$oid" : "5397af941b1ff40000f95e97" }, "pending" : "pending", "_id" : { "$oid" : "539930b75879ac6177c1723b" }, "opposing_orders" : [], "net_variation" : 0, "btc_prices" : [ 629.6799999999999 ], "variation_margin" : [], "__v" : 0 }
{ "time" : 1402548407303, "option_type" : "call", "short_symbol" : "BUSD11", "side" : "bid", "price" : 0.1692938416730613, "quantity" : 11.60808161180466, "quantity_original" : 11.60808161180466, "quantity_left" : 11.60808161180466, "initial_margin" : 0.073739560486626, "buyer" : { "$oid" : "5397af941b1ff40000f95e97" }, "pending" : "pending", "_id" : { "$oid" : "539930b75879ac6177c1723c" }, "opposing_orders" : [], "net_variation" : 0, "btc_prices" : [ 629.6799999999999 ], "variation_margin" : [], "__v" : 0 }
{ "time" : 1402548407468, "option_type" : "call", "short_symbol" : "BUSD12", "side" : "bid", "price" : 0.07997903502546251, "quantity" : 6.292960658669472, "quantity_original" : 6.292960658669472, "quantity_left" : 6.292960658669472, "initial_margin" : 0.03997561084150345, "buyer" : { "$oid" : "5397af941b1ff40000f95e97" }, "pending" : "pending", "_id" : { "$oid" : "539930b75879ac6177c1723d" }, "opposing_orders" : [], "net_variation" : 0, "btc_prices" : [ 629.6799999999999 ], "variation_margin" : [], "__v" : 0 }
{ "time" : 1402548407663, "option_type" : "call", "short_symbol" : "BUSD13", "side" : "bid", "price" : 0.1335631012450904, "quantity" : 1.865459701512009, "quantity_original" : 1.865459701512009, "quantity_left" : 1.865459701512009, "initial_margin" : 0.01185020773416344, "buyer" : { "$oid" : "5397af941b1ff40000f95e97" }, "pending" : "pending", "_id" : { "$oid" : "539930b75879ac6177c1723e" }, "opposing_orders" : [], "net_variation" : 0, "btc_prices" : [ 629.6799999999999 ], "variation_margin" : [], "__v" : 0 }
{ "time" : 1402548407872, "option_type" : "call", "short_symbol" : "BUSD14", "side" : "bid", "price" : 0.07398229008540512, "quantity" : 6.356522769201547, "quantity_original" : 6.356522769201547, "quantity_left" : 6.356522769201547, "initial_margin" : 0.04037938488884225, "buyer" : { "$oid" : "5397af941b1ff40000f95e97" }, "pending" : "pending", "_id" : { "$oid" : "539930b75879ac6177c1723f" }, "opposing_orders" : [], "net_variation" : 0, "btc_prices" : [ 629.6799999999999 ], "variation_margin" : [], "__v" : 0 }
{ "time" : 1402548408084, "option_type" : "call", "short_symbol" : "BUSD15", "side" : "bid", "price" : 0.06072066654451191, "quantity" : 11.58409214066342, "quantity_original" : 11.58409214066342, "quantity_left" : 11.58409214066342, "initial_margin" : 0.07358716897893162, "buyer" : { "$oid" : "5397af941b1ff40000f95e97" }, "pending" : "pending", "_id" : { "$oid" : "539930b85879ac6177c17240" }, "opposing_orders" : [], "net_variation" : 0, "btc_prices" : [ 629.6799999999999 ], "variation_margin" : [], "__v" : 0 }
{ "time" : 1402548408282, "option_type" : "call", "short_symbol" : "BUSD16", "side" : "bid", "price" : 0.160669288598001, "quantity" : 9.451668804511428, "quantity_original" : 9.451668804511428, "quantity_left" : 9.451668804511428, "initial_margin" : 0.06004109264713142, "buyer" : { "$oid" : "5397af941b1ff40000f95e97" }, "pending" : "pending", "_id" : { "$oid" : "539930b85879ac6177c17241" }, "opposing_orders" : [], "net_variation" : 0, "btc_prices" : [ 629.6799999999999 ], "variation_margin" : [], "__v" : 0 }
{ "time" : 1402548408501, "option_type" : "call", "short_symbol" : "BUSD17", "side" : "bid", "price" : 0.09939766968600453, "quantity" : 1.424995965324342, "quantity_original" : 1.424995965324342, "quantity_left" : 1.424995965324342, "initial_margin" : 0.009052191369103941, "buyer" : { "$oid" : "5397af941b1ff40000f95e97" }, "pending" : "pending", "_id" : { "$oid" : "539930b85879ac6177c17242" }, "opposing_orders" : [], "net_variation" : 0, "btc_prices" : [ 629.6799999999999 ], "variation_margin" : [], "__v" : 0 }
{ "time" : 1402548408683, "option_type" : "call", "short_symbol" : "BUSD18", "side" : "bid", "price" : 0.1590514159295708, "quantity" : 14.7431875304319, "quantity_original" : 14.7431875304319, "quantity_left" : 14.7431875304319, "initial_margin" : 0.09365511072565047, "buyer" : { "$oid" : "5397af941b1ff40000f95e97" }, "pending" : "pending", "_id" : { "$oid" : "539930b85879ac6177c17243" }, "opposing_orders" : [], "net_variation" : 0, "btc_prices" : [ 629.6799999999999 ], "variation_margin" : [], "__v" : 0 }
{ "time" : 1402548408918, "option_type" : "call", "short_symbol" : "BUSD19", "side" : "bid", "price" : 0.1987578800879419, "quantity" : 9.930616441182792, "quantity_original" : 9.930616441182792, "quantity_left" : 9.930616441182792, "initial_margin" : 0.06308357541089311, "buyer" : { "$oid" : "5397af941b1ff40000f95e97" }, "pending" : "pending", "_id" : { "$oid" : "539930b85879ac6177c17244" }, "opposing_orders" : [], "net_variation" : 0, "btc_prices" : [ 629.6799999999999 ], "variation_margin" : [], "__v" : 0 }
{ "time" : 1402548409079, "option_type" : "call", "short_symbol" : "BUSD20", "side" : "bid", "price" : 0.0903010895010084, "quantity" : 6.44477671617642, "quantity_original" : 6.44477671617642, "quantity_left" : 6.44477671617642, "initial_margin" : 0.0409400121723823, "buyer" : { "$oid" : "5397af941b1ff40000f95e97" }, "pending" : "pending", "_id" : { "$oid" : "539930b95879ac6177c17245" }, "opposing_orders" : [], "net_variation" : 0, "btc_prices" : [ 629.6799999999999 ], "variation_margin" : [], "__v" : 0 }
{ "time" : 1402548409299, "option_type" : "call", "short_symbol" : "BUSD21", "side" : "bid", "price" : 0.1375545920338482, "quantity" : 14.68384471954778, "quantity_original" : 14.68384471954778, "quantity_left" : 14.68384471954778, "initial_margin" : 0.09327813949655558, "buyer" : { "$oid" : "5397af941b1ff40000f95e97" }, "pending" : "pending", "_id" : { "$oid" : "539930b95879ac6177c17246" }, "opposing_orders" : [], "net_variation" : 0, "btc_prices" : [ 629.6799999999999 ], "variation_margin" : [], "__v" : 0 }
{ "time" : 1402548409505, "option_type" : "call", "short_symbol" : "BUSD22", "side" : "bid", "price" : 0.08861100478097797, "quantity" : 14.87346977787092, "quantity_original" : 14.87346977787092, "quantity_left" : 14.87346977787092, "initial_margin" : 0.09448271997122937, "buyer" : { "$oid" : "5397af941b1ff40000f95e97" }, "pending" : "pending", "_id" : { "$oid" : "539930b95879ac6177c17247" }, "opposing_orders" : [], "net_variation" : 0, "btc_prices" : [ 629.6799999999999 ], "variation_margin" : [], "__v" : 0 }
{ "time" : 1402548409774, "option_type" : "call", "short_symbol" : "BUSD23", "side" : "bid", "price" : 0.1682846177835017, "quantity" : 7.548678661230952, "quantity_original" : 7.548678661230952, "quantity_left" : 7.548678661230952, "initial_margin" : 0.04795247529685524, "buyer" : { "$oid" : "5397af941b1ff40000f95e97" }, "pending" : "pending", "_id" : { "$oid" : "539930b95879ac6177c17248" }, "opposing_orders" : [], "net_variation" : 0, "btc_prices" : [ 629.6799999999999 ], "variation_margin" : [], "__v" : 0 }
{ "time" : 1402548409953, "option_type" : "call", "short_symbol" : "BUSD24", "side" : "bid", "price" : 0.195767796644941, "quantity" : 11.1873851493001, "quantity_original" : 11.1873851493001, "quantity_left" : 11.1873851493001, "initial_margin" : 0.07106711440287193, "buyer" : { "$oid" : "5397af941b1ff40000f95e97" }, "pending" : "pending", "_id" : { "$oid" : "539930b95879ac6177c17249" }, "opposing_orders" : [], "net_variation" : 0, "btc_prices" : [ 629.6799999999999 ], "variation_margin" : [], "__v" : 0 }
{ "time" : 1402548410268, "option_type" : "call", "short_symbol" : "BUSD26", "side" : "bid", "price" : 0.06057260585948825, "quantity" : 11.19979577278718, "quantity_original" : 11.19979577278718, "quantity_left" : 11.19979577278718, "initial_margin" : 0.0711459520568364, "buyer" : { "$oid" : "5397af941b1ff40000f95e97" }, "pending" : "pending", "_id" : { "$oid" : "539930ba5879ac6177c1724a" }, "opposing_orders" : [], "net_variation" : 0, "btc_prices" : [ 629.6799999999999 ], "variation_margin" : [], "__v" : 0 }
{ "time" : 1402548410615, "option_type" : "call", "short_symbol" : "BUSD28", "side" : "bid", "price" : 0.1098512978758663, "quantity" : 12.42284616129473, "quantity_original" : 12.42284616129473, "quantity_left" : 12.42284616129473, "initial_margin" : 0.07891529768323421, "buyer" : { "$oid" : "5397af941b1ff40000f95e97" }, "pending" : "pending", "_id" : { "$oid" : "539930ba5879ac6177c1724b" }, "opposing_orders" : [], "net_variation" : 0, "btc_prices" : [ 629.6799999999999 ], "variation_margin" : [], "__v" : 0 }
{ "time" : 1402548410865, "option_type" : "call", "short_symbol" : "BUSD29", "side" : "bid", "price" : 0.2257657314185053, "quantity" : 7.081887145992368, "quantity_original" : 7.081887145992368, "quantity_left" : 7.081887145992368, "initial_margin" : 0.04498721347981432, "buyer" : { "$oid" : "5397af941b1ff40000f95e97" }, "pending" : "pending", "_id" : { "$oid" : "539930ba5879ac6177c1724c" }, "opposing_orders" : [], "net_variation" : 0, "btc_prices" : [ 629.6799999999999 ], "variation_margin" : [], "__v" : 0 }
{ "time" : 1402548411042, "option_type" : "call", "short_symbol" : "BUSD30", "side" : "bid", "price" : 0.06616159291006625, "quantity" : 10.4264858616516, "quantity_original" : 10.4264858616516, "quantity_left" : 10.4264858616516, "initial_margin" : 0.06623355267216111, "buyer" : { "$oid" : "5397af941b1ff40000f95e97" }, "pending" : "pending", "_id" : { "$oid" : "539930bb5879ac6177c1724d" }, "opposing_orders" : [], "net_variation" : 0, "btc_prices" : [ 629.6799999999999 ], "variation_margin" : [], "__v" : 0 }
{ "time" : 1402548411074, "option_type" : "call", "short_symbol" : "BUSD30", "side" : "bid", "price" : 0.06616159291006625, "quantity" : 10.4264858616516, "quantity_original" : 10.4264858616516, "quantity_left" : 10.4264858616516, "initial_margin" : 0.06623355267216111, "buyer" : { "$oid" : "5397af941b1ff40000f95e97" }, "pending" : "pending", "_id" : { "$oid" : "539930bb5879ac6177c1724e" }, "opposing_orders" : [], "net_variation" : 0, "btc_prices" : [ 629.6799999999999 ], "variation_margin" : [], "__v" : 0 }
{ "time" : 1402548411236, "option_type" : "call", "short_symbol" : "BUSD31", "side" : "bid", "price" : 0.2362815523520112, "quantity" : 11.12978119403124, "quantity_original" : 11.12978119403124, "quantity_left" : 11.12978119403124, "initial_margin" : 0.07070118913753805, "buyer" : { "$oid" : "5397af941b1ff40000f95e97" }, "pending" : "pending", "_id" : { "$oid" : "539930bb5879ac6177c1724f" }, "opposing_orders" : [], "net_variation" : 0, "btc_prices" : [ 629.6799999999999 ], "variation_margin" : [], "__v" : 0 }
{ "time" : 1402548411357, "option_type" : "call", "short_symbol" : "BUSD31", "side" : "bid", "price" : 0.2362815523520112, "quantity" : 11.12978119403124, "quantity_original" : 11.12978119403124, "quantity_left" : 11.12978119403124, "initial_margin" : 0.07070118913753805, "buyer" : { "$oid" : "5397af941b1ff40000f95e97" }, "pending" : "pending", "_id" : { "$oid" : "539930bb5879ac6177c17250" }, "opposing_orders" : [], "net_variation" : 0, "btc_prices" : [ 629.6799999999999 ], "variation_margin" : [], "__v" : 0 }
{ "time" : 1402548411657, "option_type" : "call", "short_symbol" : "BUSD33", "side" : "bid", "price" : 0.08866547825746239, "quantity" : 1.793579320888966, "quantity_original" : 1.793579320888966, "quantity_left" : 1.793579320888966, "initial_margin" : 0.01139359243354699, "buyer" : { "$oid" : "5397af941b1ff40000f95e97" }, "pending" : "pending", "_id" : { "$oid" : "539930bb5879ac6177c17251" }, "opposing_orders" : [], "net_variation" : 0, "btc_prices" : [ 629.6799999999999 ], "variation_margin" : [], "__v" : 0 }
{ "time" : 1402548412129, "option_type" : "call", "short_symbol" : "BUSD35", "side" : "bid", "price" : 0.12614227947779, "quantity" : 14.11143530486152, "quantity_original" : 14.11143530486152, "quantity_left" : 14.11143530486152, "initial_margin" : 0.0896419470515914, "buyer" : { "$oid" : "5397af941b1ff40000f95e97" }, "pending" : "pending", "_id" : { "$oid" : "539930bc5879ac6177c17252" }, "opposing_orders" : [], "net_variation" : 0, "btc_prices" : [ 629.6799999999999 ], "variation_margin" : [], "__v" : 0 }
{ "time" : 1402548412132, "option_type" : "call", "short_symbol" : "BUSD35", "side" : "bid", "price" : 0.12614227947779, "quantity" : 14.11143530486152, "quantity_original" : 14.11143530486152, "quantity_left" : 14.11143530486152, "initial_margin" : 0.0896419470515914, "buyer" : { "$oid" : "5397af941b1ff40000f95e97" }, "pending" : "pending", "_id" : { "$oid" : "539930bc5879ac6177c17253" }, "opposing_orders" : [], "net_variation" : 0, "btc_prices" : [ 629.6799999999999 ], "variation_margin" : [], "__v" : 0 }
{ "time" : 1402548412523, "option_type" : "call", "short_symbol" : "BUSD37", "side" : "bid", "price" : 0.1462824430782348, "quantity" : 14.24358299560845, "quantity_original" : 14.24358299560845, "quantity_left" : 14.24358299560845, "initial_margin" : 0.09048140640076516, "buyer" : { "$oid" : "5397af941b1ff40000f95e97" }, "pending" : "pending", "_id" : { "$oid" : "539930bc5879ac6177c17254" }, "opposing_orders" : [], "net_variation" : 0, "btc_prices" : [ 629.6799999999999 ], "variation_margin" : [], "__v" : 0 }
{ "time" : 1402548412780, "option_type" : "call", "short_symbol" : "BUSD38", "side" : "bid", "price" : 0.1899175584781915, "quantity" : 2.954232974909246, "quantity_original" : 2.954232974909246, "quantity_left" : 2.954232974909246, "initial_margin" : 0.01876656698582929, "buyer" : { "$oid" : "5397af941b1ff40000f95e97" }, "pending" : "pending", "_id" : { "$oid" : "539930bc5879ac6177c17255" }, "opposing_orders" : [], "net_variation" : 0, "btc_prices" : [ 629.6799999999999 ], "variation_margin" : [], "__v" : 0 }
{ "time" : 1402548413030, "option_type" : "call", "short_symbol" : "BUSD40", "side" : "bid", "price" : 0.0923010505270213, "quantity" : 5.121319610159844, "quantity_original" : 5.121319610159844, "quantity_left" : 5.121319610159844, "initial_margin" : 0.03253283960208261, "buyer" : { "$oid" : "5397af941b1ff40000f95e97" }, "pending" : "pending", "_id" : { "$oid" : "539930bd5879ac6177c17256" }, "opposing_orders" : [], "net_variation" : 0, "btc_prices" : [ 629.6799999999999 ], "variation_margin" : [], "__v" : 0 }
{ "time" : 1402548413262, "option_type" : "call", "short_symbol" : "BUSD41", "side" : "bid", "price" : 0.2405620957259089, "quantity" : 12.05749579379335, "quantity_original" : 12.05749579379335, "quantity_left" : 12.05749579379335, "initial_margin" : 0.07659443395879401, "buyer" : { "$oid" : "5397af941b1ff40000f95e97" }, "pending" : "pending", "_id" : { "$oid" : "539930bd5879ac6177c17257" }, "opposing_orders" : [], "net_variation" : 0, "btc_prices" : [ 629.6799999999999 ], "variation_margin" : [], "__v" : 0 }
{ "time" : 1402548413329, "option_type" : "call", "short_symbol" : "BUSD41", "side" : "bid", "price" : 0.2405620957259089, "quantity" : 12.05749579379335, "quantity_original" : 12.05749579379335, "quantity_left" : 12.05749579379335, "initial_margin" : 0.07659443395879401, "buyer" : { "$oid" : "5397af941b1ff40000f95e97" }, "pending" : "pending", "_id" : { "$oid" : "539930bd5879ac6177c17258" }, "opposing_orders" : [], "net_variation" : 0, "btc_prices" : [ 629.6799999999999 ], "variation_margin" : [], "__v" : 0 }
{ "time" : 1402548413400, "option_type" : "call", "short_symbol" : "BUSD41", "side" : "bid", "price" : 0.2405620957259089, "quantity" : 12.05749579379335, "quantity_original" : 12.05749579379335, "quantity_left" : 12.05749579379335, "initial_margin" : 0.07659443395879401, "buyer" : { "$oid" : "5397af941b1ff40000f95e97" }, "pending" : "pending", "_id" : { "$oid" : "539930bd5879ac6177c17259" }, "opposing_orders" : [], "net_variation" : 0, "btc_prices" : [ 629.6799999999999 ], "variation_margin" : [], "__v" : 0 }
{ "time" : 1402548413760, "option_type" : "call", "short_symbol" : "BUSD43", "side" : "bid", "price" : 0.1985133891925216, "quantity" : 8.72495615715161, "quantity_original" : 8.72495615715161, "quantity_left" : 8.72495615715161, "initial_margin" : 0.05542469925772844, "buyer" : { "$oid" : "5397af941b1ff40000f95e97" }, "pending" : "pending", "_id" : { "$oid" : "539930bd5879ac6177c1725a" }, "opposing_orders" : [], "net_variation" : 0, "btc_prices" : [ 629.6799999999999 ], "variation_margin" : [], "__v" : 0 }
{ "time" : 1402548413812, "option_type" : "call", "short_symbol" : "BUSD43", "side" : "bid", "price" : 0.1985133891925216, "quantity" : 8.72495615715161, "quantity_original" : 8.72495615715161, "quantity_left" : 8.72495615715161, "initial_margin" : 0.05542469925772844, "buyer" : { "$oid" : "5397af941b1ff40000f95e97" }, "pending" : "pending", "_id" : { "$oid" : "539930bd5879ac6177c1725b" }, "opposing_orders" : [], "net_variation" : 0, "btc_prices" : [ 629.6799999999999 ], "variation_margin" : [], "__v" : 0 }
{ "time" : 1402548413816, "option_type" : "call", "short_symbol" : "BUSD43", "side" : "bid", "price" : 0.1985133891925216, "quantity" : 8.72495615715161, "quantity_original" : 8.72495615715161, "quantity_left" : 8.72495615715161, "initial_margin" : 0.05542469925772844, "buyer" : { "$oid" : "5397af941b1ff40000f95e97" }, "pending" : "pending", "_id" : { "$oid" : "539930bd5879ac6177c1725c" }, "opposing_orders" : [], "net_variation" : 0, "btc_prices" : [ 629.6799999999999 ], "variation_margin" : [], "__v" : 0 }
{ "time" : 1402548414146, "option_type" : "call", "short_symbol" : "BUSD45", "side" : "bid", "price" : 0.1495954070240259, "quantity" : 12.14747366402298, "quantity_original" : 12.14747366402298, "quantity_left" : 12.14747366402298, "initial_margin" : 0.07716601234927573, "buyer" : { "$oid" : "5397af941b1ff40000f95e97" }, "pending" : "pending", "_id" : { "$oid" : "539930be5879ac6177c1725d" }, "opposing_orders" : [], "net_variation" : 0, "btc_prices" : [ 629.6799999999999 ], "variation_margin" : [], "__v" : 0 }
{ "time" : 1402548414243, "option_type" : "call", "short_symbol" : "BUSD45", "side" : "bid", "price" : 0.1058063251897693, "quantity" : 3.848290829453617, "quantity_original" : 3.848290829453617, "quantity_left" : 3.848290829453617, "initial_margin" : 0.07716601234927573, "buyer" : { "$oid" : "5397af941b1ff40000f95e97" }, "pending" : "pending", "_id" : { "$oid" : "539930be5879ac6177c1725e" }, "opposing_orders" : [], "net_variation" : 0, "btc_prices" : [ 629.6799999999999 ], "variation_margin" : [], "__v" : 0 }
{ "time" : 1402548414370, "option_type" : "call", "short_symbol" : "BUSD46", "side" : "bid", "price" : 0.1058063251897693, "quantity" : 3.848290829453617, "quantity_original" : 3.848290829453617, "quantity_left" : 3.848290829453617, "initial_margin" : 0.02444600958870295, "buyer" : { "$oid" : "5397af941b1ff40000f95e97" }, "pending" : "pending", "_id" : { "$oid" : "539930be5879ac6177c1725f" }, "opposing_orders" : [], "net_variation" : 0, "btc_prices" : [ 629.6799999999999 ], "variation_margin" : [], "__v" : 0 }
{ "time" : 1402548414625, "option_type" : "call", "short_symbol" : "BUSD47", "side" : "bid", "price" : 0.06293536718003452, "quantity" : 5.340400028973818, "quantity_original" : 5.340400028973818, "quantity_left" : 5.340400028973818, "initial_margin" : 0.03392453328023008, "buyer" : { "$oid" : "5397af941b1ff40000f95e97" }, "pending" : "pending", "_id" : { "$oid" : "539930be5879ac6177c17260" }, "opposing_orders" : [], "net_variation" : 0, "btc_prices" : [ 629.6799999999999 ], "variation_margin" : [], "__v" : 0 }
{ "time" : 1402548415193, "option_type" : "call", "short_symbol" : "BUSD50", "side" : "bid", "price" : 0.09759809412062169, "quantity" : 6.679748621769249, "quantity_original" : 6.679748621769249, "quantity_left" : 6.679748621769249, "initial_margin" : 0.04243265545527411, "buyer" : { "$oid" : "5397af941b1ff40000f95e97" }, "pending" : "pending", "_id" : { "$oid" : "539930bf5879ac6177c17261" }, "opposing_orders" : [], "net_variation" : 0, "btc_prices" : [ 629.6799999999999 ], "variation_margin" : [], "__v" : 0 }
{ "time" : 1402548415350, "option_type" : "call", "short_symbol" : "BUSD51", "side" : "bid", "price" : 0.1939498625230044, "quantity" : 11.41222436772659, "quantity_original" : 11.41222436772659, "quantity_left" : 11.41222436772659, "initial_margin" : 0.07249539046961374, "buyer" : { "$oid" : "5397af941b1ff40000f95e97" }, "pending" : "pending", "_id" : { "$oid" : "539930bf5879ac6177c17262" }, "opposing_orders" : [], "net_variation" : 0, "btc_prices" : [ 629.6799999999999 ], "variation_margin" : [], "__v" : 0 }
{ "time" : 1402548415604, "option_type" : "call", "short_symbol" : "BUSD52", "side" : "bid", "price" : 0.2369412936735898, "quantity" : 4.792353671509773, "quantity_original" : 4.792353671509773, "quantity_left" : 4.792353671509773, "initial_margin" : 0.03044310552350256, "buyer" : { "$oid" : "5397af941b1ff40000f95e97" }, "pending" : "pending", "_id" : { "$oid" : "539930bf5879ac6177c17263" }, "opposing_orders" : [], "net_variation" : 0, "btc_prices" : [ 629.6799999999999 ], "variation_margin" : [], "__v" : 0 }
{ "time" : 1402548415860, "option_type" : "call", "short_symbol" : "BUSD54", "side" : "bid", "price" : 0.07932821749709547, "quantity" : 2.323293726891279, "quantity_original" : 2.323293726891279, "quantity_left" : 2.323293726891279, "initial_margin" : 0.01475856769718765, "buyer" : { "$oid" : "5397af941b1ff40000f95e97" }, "pending" : "pending", "_id" : { "$oid" : "539930bf5879ac6177c17264" }, "opposing_orders" : [], "net_variation" : 0, "btc_prices" : [ 629.6799999999999 ], "variation_margin" : [], "__v" : 0 }
{ "time" : 1402548415921, "option_type" : "call", "short_symbol" : "BUSD54", "side" : "bid", "price" : 0.07932821749709547, "quantity" : 2.323293726891279, "quantity_original" : 2.323293726891279, "quantity_left" : 2.323293726891279, "initial_margin" : 0.01475856769718765, "buyer" : { "$oid" : "5397af941b1ff40000f95e97" }, "pending" : "pending", "_id" : { "$oid" : "539930bf5879ac6177c17265" }, "opposing_orders" : [], "net_variation" : 0, "btc_prices" : [ 629.6799999999999 ], "variation_margin" : [], "__v" : 0 }
{ "time" : 1402548415943, "option_type" : "call", "short_symbol" : "BUSD54", "side" : "bid", "price" : 0.07932821749709547, "quantity" : 2.323293726891279, "quantity_original" : 2.323293726891279, "quantity_left" : 2.323293726891279, "initial_margin" : 0.01475856769718765, "buyer" : { "$oid" : "5397af941b1ff40000f95e97" }, "pending" : "pending", "_id" : { "$oid" : "539930bf5879ac6177c17266" }, "opposing_orders" : [], "net_variation" : 0, "btc_prices" : [ 629.6799999999999 ], "variation_margin" : [], "__v" : 0 }
{ "time" : 1402548415991, "option_type" : "call", "short_symbol" : "BUSD54", "side" : "bid", "price" : 0.07932821749709547, "quantity" : 2.323293726891279, "quantity_original" : 2.323293726891279, "quantity_left" : 2.323293726891279, "initial_margin" : 0.01475856769718765, "buyer" : { "$oid" : "5397af941b1ff40000f95e97" }, "pending" : "pending", "_id" : { "$oid" : "539930bf5879ac6177c17267" }, "opposing_orders" : [], "net_variation" : 0, "btc_prices" : [ 629.6799999999999 ], "variation_margin" : [], "__v" : 0 }
{ "time" : 1402548416309, "option_type" : "call", "short_symbol" : "BUSD56", "side" : "bid", "price" : 0.1458023318089545, "quantity" : 2.093729904387146, "quantity_original" : 2.093729904387146, "quantity_left" : 2.093729904387146, "initial_margin" : 0.01330027889967696, "buyer" : { "$oid" : "5397af941b1ff40000f95e97" }, "pending" : "pending", "_id" : { "$oid" : "539930c05879ac6177c17268" }, "opposing_orders" : [], "net_variation" : 0, "btc_prices" : [ 629.6799999999999 ], "variation_margin" : [], "__v" : 0 }
{ "time" : 1402548416579, "option_type" : "call", "short_symbol" : "BUSD57", "side" : "bid", "price" : 0.1678727520629764, "quantity" : 11.83223407855257, "quantity_original" : 11.83223407855257, "quantity_left" : 11.83223407855257, "initial_margin" : 0.07516347400935444, "buyer" : { "$oid" : "5397af941b1ff40000f95e97" }, "pending" : "pending", "_id" : { "$oid" : "539930c05879ac6177c17269" }, "opposing_orders" : [], "net_variation" : 0, "btc_prices" : [ 629.6799999999999 ], "variation_margin" : [], "__v" : 0 }
{ "time" : 1402548416651, "option_type" : "call", "short_symbol" : "BUSD57", "side" : "bid", "price" : 0.1678727520629764, "quantity" : 11.83223407855257, "quantity_original" : 11.83223407855257, "quantity_left" : 11.83223407855257, "initial_margin" : 0.07516347400935444, "buyer" : { "$oid" : "5397af941b1ff40000f95e97" }, "pending" : "pending", "_id" : { "$oid" : "539930c05879ac6177c1726a" }, "opposing_orders" : [], "net_variation" : 0, "btc_prices" : [ 629.6799999999999 ], "variation_margin" : [], "__v" : 0 }
{ "time" : 1402548417063, "option_type" : "call", "short_symbol" : "BUSD59", "side" : "bid", "price" : 0.07601005397737026, "quantity" : 13.6979447575286, "quantity_original" : 13.6979447575286, "quantity_left" : 13.6979447575286, "initial_margin" : 0.09505465405925366, "buyer" : { "$oid" : "5397af941b1ff40000f95e97" }, "pending" : "pending", "_id" : { "$oid" : "539930c15879ac6177c1726b" }, "opposing_orders" : [], "net_variation" : 0, "btc_prices" : [ 629.6799999999999 ], "variation_margin" : [], "__v" : 0 }
{ "time" : 1402548417131, "option_type" : "call", "short_symbol" : "BUSD60", "side" : "bid", "price" : 0.07601005397737026, "quantity" : 13.6979447575286, "quantity_original" : 13.6979447575286, "quantity_left" : 13.6979447575286, "initial_margin" : 0.08701527606103802, "buyer" : { "$oid" : "5397af941b1ff40000f95e97" }, "pending" : "pending", "_id" : { "$oid" : "539930c15879ac6177c1726c" }, "opposing_orders" : [], "net_variation" : 0, "btc_prices" : [ 629.6799999999999 ], "variation_margin" : [], "__v" : 0 }
{ "time" : 1402548417661, "option_type" : "call", "short_symbol" : "BUSD62", "side" : "bid", "price" : 0.1880751030985266, "quantity" : 3.04161232104525, "quantity_original" : 3.04161232104525, "quantity_left" : 3.04161232104525, "initial_margin" : 0.01932163842615456, "buyer" : { "$oid" : "5397af941b1ff40000f95e97" }, "pending" : "pending", "_id" : { "$oid" : "539930c15879ac6177c1726d" }, "opposing_orders" : [], "net_variation" : 0, "btc_prices" : [ 629.6799999999999 ], "variation_margin" : [], "__v" : 0 }
{ "time" : 1402548417712, "option_type" : "call", "short_symbol" : "BUSD63", "side" : "bid", "price" : 0.09042469277046622, "quantity" : 9.083223787602037, "quantity_original" : 9.083223787602037, "quantity_left" : 9.083223787602037, "initial_margin" : 0.05770057036972455, "buyer" : { "$oid" : "5397af941b1ff40000f95e97" }, "pending" : "pending", "_id" : { "$oid" : "539930c15879ac6177c1726e" }, "opposing_orders" : [], "net_variation" : 0, "btc_prices" : [ 629.6799999999999 ], "variation_margin" : [], "__v" : 0 }
{ "time" : 1402548417714, "option_type" : "call", "short_symbol" : "BUSD63", "side" : "bid", "price" : 0.09042469277046622, "quantity" : 9.083223787602037, "quantity_original" : 9.083223787602037, "quantity_left" : 9.083223787602037, "initial_margin" : 0.05770057036972455, "buyer" : { "$oid" : "5397af941b1ff40000f95e97" }, "pending" : "pending", "_id" : { "$oid" : "539930c15879ac6177c1726f" }, "opposing_orders" : [], "net_variation" : 0, "btc_prices" : [ 629.6799999999999 ], "variation_margin" : [], "__v" : 0 }
{ "time" : 1402548418053, "option_type" : "call", "short_symbol" : "BUSD64", "side" : "bid", "price" : 0.214155550301075, "quantity" : 6.826377400197089, "quantity_original" : 6.826377400197089, "quantity_left" : 6.826377400197089, "initial_margin" : 0.04336410494344486, "buyer" : { "$oid" : "5397af941b1ff40000f95e97" }, "pending" : "pending", "_id" : { "$oid" : "539930c25879ac6177c17270" }, "opposing_orders" : [], "net_variation" : 0, "btc_prices" : [ 629.6799999999999 ], "variation_margin" : [], "__v" : 0 }
{ "time" : 1402548418201, "option_type" : "call", "short_symbol" : "BUSD65", "side" : "bid", "price" : 0.06616178224794567, "quantity" : 10.43220009561628, "quantity_original" : 10.43220009561628, "quantity_left" : 10.43220009561628, "initial_margin" : 0.06626985196046424, "buyer" : { "$oid" : "5397af941b1ff40000f95e97" }, "pending" : "pending", "_id" : { "$oid" : "539930c25879ac6177c17271" }, "opposing_orders" : [], "net_variation" : 0, "btc_prices" : [ 629.6799999999999 ], "variation_margin" : [], "__v" : 0 }
{ "time" : 1402548418402, "option_type" : "call", "short_symbol" : "BUSD66", "side" : "bid", "price" : 0.1349826949648559, "quantity" : 10.15558297093958, "quantity_original" : 10.15558297093958, "quantity_left" : 10.15558297093958, "initial_margin" : 0.06451266021432842, "buyer" : { "$oid" : "5397af941b1ff40000f95e97" }, "pending" : "pending", "_id" : { "$oid" : "539930c25879ac6177c17272" }, "opposing_orders" : [], "net_variation" : 0, "btc_prices" : [ 629.6799999999999 ], "variation_margin" : [], "__v" : 0 }
{ "time" : 1402548418608, "option_type" : "call", "short_symbol" : "BUSD67", "side" : "bid", "price" : 0.2279513772577048, "quantity" : 12.93136282498017, "quantity_original" : 12.93136282498017, "quantity_left" : 12.93136282498017, "initial_margin" : 0.0821456157094408, "buyer" : { "$oid" : "5397af941b1ff40000f95e97" }, "pending" : "pending", "_id" : { "$oid" : "539930c25879ac6177c17273" }, "opposing_orders" : [], "net_variation" : 0, "btc_prices" : [ 629.6799999999999 ], "variation_margin" : [], "__v" : 0 }
{ "time" : 1402548418745, "option_type" : "call", "short_symbol" : "BUSD68", "side" : "bid", "price" : 0.1830206150654703, "quantity" : 10.89069365151227, "quantity_original" : 10.89069365151227, "quantity_left" : 10.89069365151227, "initial_margin" : 0.06918240154689535, "buyer" : { "$oid" : "5397af941b1ff40000f95e97" }, "pending" : "pending", "_id" : { "$oid" : "539930c25879ac6177c17274" }, "opposing_orders" : [], "net_variation" : 0, "btc_prices" : [ 629.6799999999999 ], "variation_margin" : [], "__v" : 0 }
{ "time" : 1402548418902, "option_type" : "call", "short_symbol" : "BUSD69", "side" : "bid", "price" : 0.1109245573636145, "quantity" : 14.04359758784994, "quantity_original" : 14.04359758784994, "quantity_left" : 14.04359758784994, "initial_margin" : 0.0892110125006349, "buyer" : { "$oid" : "5397af941b1ff40000f95e97" }, "pending" : "pending", "_id" : { "$oid" : "539930c25879ac6177c17275" }, "opposing_orders" : [], "net_variation" : 0, "btc_prices" : [ 629.6799999999999 ], "variation_margin" : [], "__v" : 0 }
{ "time" : 1402548419093, "option_type" : "call", "short_symbol" : "BUSD70", "side" : "bid", "price" : 0.2310487849637866, "quantity" : 7.626667717006058, "quantity_original" : 7.626667717006058, "quantity_left" : 7.626667717006058, "initial_margin" : 0.04844789554698296, "buyer" : { "$oid" : "5397af941b1ff40000f95e97" }, "pending" : "pending", "_id" : { "$oid" : "539930c35879ac6177c17276" }, "opposing_orders" : [], "net_variation" : 0, "btc_prices" : [ 629.6799999999999 ], "variation_margin" : [], "__v" : 0 }
{ "time" : 1402548419510, "option_type" : "call", "short_symbol" : "BUSD72", "side" : "bid", "price" : 0.06012035487219691, "quantity" : 2.207112676929682, "quantity_original" : 2.207112676929682, "quantity_left" : 2.207112676929682, "initial_margin" : 0.01402053536354772, "buyer" : { "$oid" : "5397af941b1ff40000f95e97" }, "pending" : "pending", "_id" : { "$oid" : "539930c35879ac6177c17277" }, "opposing_orders" : [], "net_variation" : 0, "btc_prices" : [ 629.6799999999999 ], "variation_margin" : [], "__v" : 0 }
{ "time" : 1402548419545, "option_type" : "call", "short_symbol" : "BUSD72", "side" : "bid", "price" : 0.06012035487219691, "quantity" : 2.207112676929682, "quantity_original" : 2.207112676929682, "quantity_left" : 2.207112676929682, "initial_margin" : 0.01402053536354772, "buyer" : { "$oid" : "5397af941b1ff40000f95e97" }, "pending" : "pending", "_id" : { "$oid" : "539930c35879ac6177c17278" }, "opposing_orders" : [], "net_variation" : 0, "btc_prices" : [ 629.6799999999999 ], "variation_margin" : [], "__v" : 0 }
{ "time" : 1402548419711, "option_type" : "call", "short_symbol" : "BUSD73", "side" : "bid", "price" : 0.1192718790378422, "quantity" : 8.479342364706099, "quantity_original" : 8.479342364706099, "quantity_left" : 8.479342364706099, "initial_margin" : 0.05386445410180473, "buyer" : { "$oid" : "5397af941b1ff40000f95e97" }, "pending" : "pending", "_id" : { "$oid" : "539930c35879ac6177c17279" }, "opposing_orders" : [], "net_variation" : 0, "btc_prices" : [ 629.6799999999999 ], "variation_margin" : [], "__v" : 0 }
{ "time" : 1402548419894, "option_type" : "call", "short_symbol" : "BUSD74", "side" : "bid", "price" : 0.06026425254531205, "quantity" : 11.31286282744259, "quantity_original" : 11.31286282744259, "quantity_left" : 11.31286282744259, "initial_margin" : 0.07186420294398797, "buyer" : { "$oid" : "5397af941b1ff40000f95e97" }, "pending" : "pending", "_id" : { "$oid" : "539930c35879ac6177c1727a" }, "opposing_orders" : [], "net_variation" : 0, "btc_prices" : [ 629.6799999999999 ], "variation_margin" : [], "__v" : 0 }
{ "time" : 1402548419994, "option_type" : "call", "short_symbol" : "BUSD74", "side" : "bid", "price" : 0.06026425254531205, "quantity" : 11.31286282744259, "quantity_original" : 11.31286282744259, "quantity_left" : 11.31286282744259, "initial_margin" : 0.07186420294398797, "buyer" : { "$oid" : "5397af941b1ff40000f95e97" }, "pending" : "pending", "_id" : { "$oid" : "539930c35879ac6177c1727b" }, "opposing_orders" : [], "net_variation" : 0, "btc_prices" : [ 629.6799999999999 ], "variation_margin" : [], "__v" : 0 }
{ "time" : 1402548420195, "option_type" : "call", "short_symbol" : "BUSD75", "side" : "bid", "price" : 0.2029746439307928, "quantity" : 13.79758303053677, "quantity_original" : 13.79758303053677, "quantity_left" : 13.79758303053677, "initial_margin" : 0.08764822151274788, "buyer" : { "$oid" : "5397af941b1ff40000f95e97" }, "pending" : "pending", "_id" : { "$oid" : "539930c45879ac6177c1727c" }, "opposing_orders" : [], "net_variation" : 0, "btc_prices" : [ 629.6799999999999 ], "variation_margin" : [], "__v" : 0 }
{ "time" : 1402548420399, "option_type" : "call", "short_symbol" : "BUSD76", "side" : "bid", "price" : 0.1192684562876821, "quantity" : 14.90028423909098, "quantity_original" : 14.90028423909098, "quantity_left" : 14.90028423909098, "initial_margin" : 0.09465305703907369, "buyer" : { "$oid" : "5397af941b1ff40000f95e97" }, "pending" : "pending", "_id" : { "$oid" : "539930c45879ac6177c1727d" }, "opposing_orders" : [], "net_variation" : 0, "btc_prices" : [ 629.6799999999999 ], "variation_margin" : [], "__v" : 0 }
{ "time" : 1402548420634, "option_type" : "call", "short_symbol" : "BUSD77", "side" : "bid", "price" : 0.06486602486111225, "quantity" : 5.933863198384643, "quantity_original" : 5.933863198384643, "quantity_left" : 5.933863198384643, "initial_margin" : 0.03769446829109798, "buyer" : { "$oid" : "5397af941b1ff40000f95e97" }, "pending" : "pending", "_id" : { "$oid" : "539930c45879ac6177c1727e" }, "opposing_orders" : [], "net_variation" : 0, "btc_prices" : [ 629.6799999999999 ], "variation_margin" : [], "__v" : 0 }
{ "time" : 1402548420880, "option_type" : "call", "short_symbol" : "BUSD78", "side" : "bid", "price" : 0.2350260431878269, "quantity" : 2.537884952034801, "quantity_original" : 2.537884952034801, "quantity_left" : 2.537884952034801, "initial_margin" : 0.0161217440734011, "buyer" : { "$oid" : "5397af941b1ff40000f95e97" }, "pending" : "pending", "_id" : { "$oid" : "539930c45879ac6177c1727f" }, "opposing_orders" : [], "net_variation" : 0, "btc_prices" : [ 629.6799999999999 ], "variation_margin" : [], "__v" : 0 }
{ "time" : 1402548583752, "option_type" : "call", "short_symbol" : "BUSD2", "side" : "bid", "price" : 0.1062393083237112, "quantity" : 5.32815538905561, "quantity_original" : 5.32815538905561, "quantity_left" : 5.32815538905561, "initial_margin" : 0.03384675002576299, "buyer" : { "$oid" : "5397af941b1ff40000f95e97" }, "pending" : "pending", "_id" : { "$oid" : "539931678f88a10b78587b4a" }, "opposing_orders" : [], "net_variation" : 0, "btc_prices" : [ 629.6799999999999 ], "variation_margin" : [], "__v" : 0 }
{ "time" : 1402548583926, "option_type" : "call", "short_symbol" : "BUSD3", "side" : "bid", "price" : 0.154809014685452, "quantity" : 8.199208716396242, "quantity_original" : 8.199208716396242, "quantity_left" : 8.199208716396242, "initial_margin" : 0.05208492387496026, "buyer" : { "$oid" : "5397af941b1ff40000f95e97" }, "pending" : "pending", "_id" : { "$oid" : "539931678f88a10b78587b4b" }, "opposing_orders" : [], "net_variation" : 0, "btc_prices" : [ 629.6799999999999 ], "variation_margin" : [], "__v" : 0 }
{ "time" : 1402548584141, "option_type" : "call", "short_symbol" : "BUSD4", "side" : "bid", "price" : 0.1518526654224843, "quantity" : 6.38673364976421, "quantity_original" : 6.38673364976421, "quantity_left" : 6.38673364976421, "initial_margin" : 0.0405712974829387, "buyer" : { "$oid" : "5397af941b1ff40000f95e97" }, "pending" : "pending", "_id" : { "$oid" : "539931688f88a10b78587b4c" }, "opposing_orders" : [], "net_variation" : 0, "btc_prices" : [ 629.6799999999999 ], "variation_margin" : [], "__v" : 0 }
{ "time" : 1402548584328, "option_type" : "call", "short_symbol" : "BUSD5", "side" : "bid", "price" : 0.1000707088503987, "quantity" : 1.067967476323247, "quantity_original" : 1.067967476323247, "quantity_left" : 1.067967476323247, "initial_margin" : 0.006784191820119724, "buyer" : { "$oid" : "5397af941b1ff40000f95e97" }, "pending" : "pending", "_id" : { "$oid" : "539931688f88a10b78587b4d" }, "opposing_orders" : [], "net_variation" : 0, "btc_prices" : [ 629.6799999999999 ], "variation_margin" : [], "__v" : 0 }
{ "time" : 1402548584536, "option_type" : "call", "short_symbol" : "BUSD6", "side" : "bid", "price" : 0.09877735725603998, "quantity" : 14.94505078438669, "quantity_original" : 14.94505078438669, "quantity_left" : 14.94505078438669, "initial_margin" : 0.09493743351789287, "buyer" : { "$oid" : "5397af941b1ff40000f95e97" }, "pending" : "pending", "_id" : { "$oid" : "539931688f88a10b78587b4e" }, "opposing_orders" : [], "net_variation" : 0, "btc_prices" : [ 629.6799999999999 ], "variation_margin" : [], "__v" : 0 }
{ "time" : 1402548584727, "option_type" : "call", "short_symbol" : "BUSD7", "side" : "bid", "price" : 0.2179796307347715, "quantity" : 8.481178696267307, "quantity_original" : 8.481178696267307, "quantity_left" : 8.481178696267307, "initial_margin" : 0.05387611927497972, "buyer" : { "$oid" : "5397af941b1ff40000f95e97" }, "pending" : "pending", "_id" : { "$oid" : "539931688f88a10b78587b4f" }, "opposing_orders" : [], "net_variation" : 0, "btc_prices" : [ 629.6799999999999 ], "variation_margin" : [], "__v" : 0 }
{ "time" : 1402548584956, "option_type" : "call", "short_symbol" : "BUSD8", "side" : "bid", "price" : 0.1982744580134749, "quantity" : 8.853111532516778, "quantity_original" : 8.853111532516778, "quantity_left" : 8.853111532516778, "initial_margin" : 0.05623879769099719, "buyer" : { "$oid" : "5397af941b1ff40000f95e97" }, "pending" : "pending", "_id" : { "$oid" : "539931688f88a10b78587b50" }, "opposing_orders" : [], "net_variation" : 0, "btc_prices" : [ 629.6799999999999 ], "variation_margin" : [], "__v" : 0 }
{ "time" : 1402548585156, "option_type" : "call", "short_symbol" : "BUSD9", "side" : "bid", "price" : 0.1667858519591391, "quantity" : 4.410066004376858, "quantity_original" : 4.410066004376858, "quantity_left" : 4.410066004376858, "initial_margin" : 0.02801464873825981, "buyer" : { "$oid" : "5397af941b1ff40000f95e97" }, "pending" : "pending", "_id" : { "$oid" : "539931698f88a10b78587b51" }, "opposing_orders" : [], "net_variation" : 0, "btc_prices" : [ 629.6799999999999 ], "variation_margin" : [], "__v" : 0 }
